5325 7200
556 812 606 889 at
1193 808 1265 893 ine
1285 807 1363 903 viij.
1388 807 1629 887 Decembris.

552 973 660 1054 celso
681 995 763 1078 prae
776 972 964 1053 omnibus
993 970 1229 1054 mulieribus
1254 996 1375 1077 super

553 1089 716 1159 terram.
730 1092 764 1176 ju.
789 1086 889 1165 ibni.
918 1080 977 1159 Tu
995 1078 1120 1181 gloria
1135 1079 1373 1179 Jerusalem,

551 1198 595 1267 iu
612 1188 749 1269 tentia
768 1187 905 1287 lsrael,
925 1197 968 1267 tu
983 1186 1285 1271 honorificentie
1303 1188 1371 1291 po-

551 1294 635 1398 puii
653 1296 792 1378 nostri.

597 1402 778 1501 Alleluia,
798 1403 969 1485 alleluiu.
990 1407 1026 1501 1.
1046 1404 1157 1478 ilani.
1181 1405 1215 1476 i.
1238 1406 1273 1475 ῖ.
1293 1399 1373 1493 [Ιό-

551 1518 591 1589 iu
619 1510 787 1613 pulchre
805 1534 861 1609 es,
881 1511 1019 1607 Maria,
1038 1519 1077 1591 et
1106 1512 1262 1593 micula
1295 1513 1373 1593 ori-

549 1618 692 1721 ginitlis
705 1641 786 1698 non
804 1628 865 1699 esi
879 1619 922 1697 in
938 1627 991 1698 te.
1011 1618 1191 1702 Alleluia.

545 1725 763 1828 sequentia
790 1726 916 1805 saneti
934 1726 1134 1829 Evangelii
1154 1728 1372 1807 seeundum

764 1832 1033 1933 Lucomiiup,
1059 1840 1091 1908 t.
1113 1858 1145 1907 o.

589 1964 612 2019 n
630 1940 701 2021 illo
726 1940 932 2042 tempores
963 1942 1107 2021 Missus
1124 1949 1185 2024 est
1201 1941 1373 2044 Angelus

607 2046 767 2133 Gobriel
794 2070 820 2125 u
845 2046 931 2127 Deo
971 2048 1015 2125 in
1044 2048 1241 2129 oiviiitem
1269 2049 1373 2127 Guli-

549 2152 647 2252 ioem,
675 2155 739 2235 oui
762 2174 909 2233 nomen
938 2153 1146 2253 Nonarum,
1177 2156 1231 2233 ud
1254 2156 1370 2257 virgi-

549 2284 643 2341 nem
668 2259 950 2363 despousbtem
981 2262 1080 2357 viro,
1117 2262 1181 2340 cui
1224 2283 1370 2341 nomen

550 2378 635 2448 erut
662 2368 826 2470 ioseph,
846 2367 896 2445 de
914 2368 1035 2447 domo
1052 2368 1193 2466 David,
1227 2379 1267 2448 et
1299 2391 1369 2449 no·

549 2498 642 2555 men
658 2474 819 2577 virginis
845 2472 984 2552 biurio.
1005 2475 1056 2553 Et
1070 2474 1268 2575 ingressus
1285 2478 1370 2554 An-

547 2582 658 2685 gelus
689 2580 741 2661 ed
765 2602 854 2660 enm
870 2581 970 2663 dixit
989 2610 997 2659 ι
1018 2582 1111 2678 Ave,
1132 2584 1257 2685 gretia
1285 2583 1370 2686 ple·

546 2712 613 2787 ne,
638 2688 836 2769 Dominus
862 2694 994 2769 tecum
1011 2717 1019 2766 :
1037 2689 1247 2771 benedicte
1264 2702 1308 2771 tu
1325 2691 1368 2770 in

544 2796 793 2877 mulieribus.

592 2903 728 2989 teredo
783 2911 889 3010 quoii
931 2910 1074 2988 (iioitur
1118 2930 1187 3007 per
1238 2920 1360 2985 totum

544 3024 744 3099 Ootuvern.

595 3127 865 3205 Oii'erioniumt
902 3127 993 3203 buo
1031 3130 1062 3198 i.
1099 3126 1193 3213 Ave,
1226 3116 1365 3215 Mario,

542 3226 668 3329 gretia
684 3224 829 3327 plenu:
851 3225 1048 3304 Dominus
1070 3232 1227 3303 tenum:
1248 3225 1368 3306 bene·

543 3334 648 3413 diota
664 3339 708 3411 tu
729 3332 771 3410 in
787 3331 1035 3431 mulieribus,
1055 3330 1225 3411 alleluia.

1781 978 1949 1055 Secreto,

1461 1105 1705 1271 §taurinen
1741 1084 1936 1181 Hostium,
1969 1106 2088 1187 quarn
2117 1086 2159 1163 in
2188 1086 2289 1167 soie

1461 1230 1501 1281 k.

1540 1192 1706 1273 mnittte
1725 1192 1992 1273 Immaculbtae
2005 1192 2290 1294 Conceptiouis

1461 1297 1586 1379 heitae
1619 1298 1779 1401 virginis
1812 1298 1946 1379 Mariae
1977 1298 2065 1397 tibi,
2099 1300 2287 1395 nomine,

1462 1404 1679 1504 offerimus,
1700 1406 1855 1509 etsoipe
1873 1416 1912 1487 et
1929 1416 2075 1511 prusia
2094 1434 2103 1485 :
2125 1416 2170 1487 ut
2186 1408 2289 1487 sicut

1462 1512 1585 1611 iilum,
1628 1522 1697 1592 tuu
1740 1512 1865 1615 grbiiu
1911 1512 2192 1615 praeveniente,
2238 1516 2287 1593 ab

1462 1622 1570 1700 omni
1589 1621 1679 1701 lube
1700 1620 1919 1699 immunem
1938 1620 2174 1723 profitemur
2195 1651 2204 1708 ;
2234 1624 2287 1701 iia

1461 1731 1547 1827 ejus
1579 1727 1909 1808 intercessiones
1936 1727 2064 1829 ouipis
2098 1728 2287 1807 omnibus

1460 1835 1689 1917 liberemur.
1710 1836 1786 1914 Por
1804 1832 2035 1915 Dominum.

1511 1948 1689 2026 trutino
1725 1946 1773 2021 (io
1814 1948 1854 2021 11.
1896 1948 2017 2023 inuia
2049 1946 2152 2045 i'irp.
2178 1946 2285 2021 Eite

1460 2050 1502 2131 in
1518 2050 1786 2155 conceptione
1817 2050 2088 2133 immaculbiu.
2115 2056 2161 2131 Et
2184 2054 2277 2129 ‹iict-

1458 2178 1520 2243 iur·
1539 2187 1609 2265 prr·
1629 2174 1753 2239 toturn
1778 2162 1982 2253 Octavum,
2005 2162 2121 2237 oiiurn
2150 2162 2188 2237 iu
2215 2162 2276 2237 ii-

1455 2274 1525 2349 stis
1546 2272 1643 2347 inira
1663 2290 1748 2343 onrn
1769 2269 2078 2345 onrurroniibus.

1506 2375 1755 2457 (iorumunio.
1791 2371 1974 2453 iiloriosu
2000 2371 2105 2451 dictu
2125 2380 2220 2451 sunt
2237 2370 2283 2449 de

1460 2489 1510 2577 ie,
1532 2481 1670 2579 Murio,
1699 2480 1793 2581 quia
1821 2480 1913 2561 iecit
1942 2478 2014 2559 tibi
2040 2502 2185 2583 mogun
2217 2480 2281 2580 qui

1456 2596 1687 2691 potensest.

1698 2700 2030 2777 i’osiuonuuuuio.

1517 2826 1720 2884 acnaunura
1746 2825 1835 2904 quae
1859 2802 2116 2904 snmpsimus,
2146 2801 2279 2881 Domi-

1455 2828 1510 3003 S
1552 2933 1602 2989 ne
1636 2910 1745 2989 Deus
1777 2918 1925 3006 nostor,
1954 2908 2061 2989 iliius
2091 2908 2132 2987 in
2166 2908 2279 2987 nobis

1458 3018 1585 3121 oulpae
1616 3018 1781 3098 vulnera
1816 3018 2002 3120 reparent
2016 3044 2027 3109 ;
2048 3040 2071 3095 u
2090 3038 2170 3119 quo
2204 3016 2277 3095 lm·

1456 3124 1695 3205 mooulbtam
1724 3124 1850 3205 beitae
1878 3124 2013 3203 biuriae
2044 3122 2277 3224 Concepiio·

1457 3255 1548 3313 nem
1561 3231 1811 3335 singultriier
1827 3230 2085 3333 praeservtsti.
2108 3232 2185 3310 Per
2203 3230 2277 3307 Do

1457 3361 1624 3421 minum.

782 3560 1265 3646 sinotiuonlntiiin
1299 3562 1515 3644 ORDINIS
1546 3561 1729 3644 SANCTI
1765 3562 2042 3644 BENEDICTI

643 3776 712 3828 SUB
745 3771 1013 3828 invocationi!
1051 3770 1318 3827 tootauioxts
1360 3769 1573 3824 punitioni
1610 3767 1858 3826 siiciissiiit
1898 3769 2164 3822 sitiniiti'ii.

587 3910 655 3954 ιιιιιι
672 3895 911 3951 flanrssmoniaiea
930 3893 1047 3949 Ordinis
1064 3895 1158 3949 annoti
1173 3892 1321 3950 Benedioti
1342 3895 1398 3949 sub
1415 3894 1595 3948 invocatione
1612 3895 1798 3950 adorationis
1817 3897 1966 3964 Perpetua
1979 3896 2164 3954 sanctissimi
2177 3901 2271 3956 Sarra·

541 3928 689 4084 Qmmenti
701 3963 838 4030 degentes
848 3963 879 4014 in
890 3963 1048 4016 Aeoeteriia
1060 3963 1222 4016 brunonem
1233 3963 1399 4020 Atrebatem
1412 3961 1457 4014 die
1469 3963 1520 4026 vij.
1533 3961 1708 4028 Septembris
1720 3963 1788 4015 unni
1799 3963 1890 4029 elapsi
1904 3965 2082 4018 obtinuerint
2095 3967 2271 4022 reformatio·

538 4044 557 4082 n
627 4029 733 4098 proprii
756 4027 929 4092 Kalendarii,
950 4025 1062 4080 iteratis
1085 4027 1170 4080 modo
1189 4027 1363 4080 humiliimis
1386 4027 1556 4094 preoibuaa
1578 4027 1768 4082 sanctissimo
1791 4029 1912 4082 Domino
1936 4033 2033 4084 norbo
2057 4032 2108 4084 Pin
2132 4035 2209 4100 Papa
2225 4036 2269 4088 ix.

537 4097 757 4163 postulaverunt
779 4099 814 4147 nt
832 4093 984 4160 Proprium
1012 4094 1101 4148 etium
1124 4094 1278 4148 Missurum
1299 4095 1382 4158 juxte
1406 4097 1596 4146 memoratum
1626 4095 1829 4148 Kalendarium
1854 4096 2028 4160 dispositum
2051 4101 2081 4151 et
2110 4099 2268 4154 ordinatum

537 4165 694 4231 approbare
704 4162 883 4228 dignaretur,
892 4174 927 4212 an
939 4159 1093 4213 ooneedare
1104 4165 1137 4212 nt
1149 4158 1225 4212 idem
1237 4160 1388 4226 Proprium
1400 4159 1529 4212 adbiberi
1542 4161 1636 4213 raieat
1654 4175 1710 4213 non
1728 4162 1822 4216 solum
1834 4163 1864 4216 in
1876 4163 2014 4216 molestie
2027 4167 2057 4216 et
2079 4165 2202 4220 sneeiiiu
2214 4167 2270 4218 bio-

538 4231 729 4282 naeteriorum
737 4229 864 4294 ipsarum
876 4226 1038 4279 Oratrionm
1049 4225 1100 4279 aed
1111 4225 1200 4278 etiam
1211 4227 1241 4278 in
1254 4225 1392 4278 iteoieeiie
1404 4229 1432 4279 et
1445 4225 1566 4278 Sabellis
1580 4227 1696 4280 illorum
1707 4228 1942 4282 tionasteriorunr
1952 4229 2059 4295 proprii
2071 4229 2201 4286 instituti
2210 4247 2270 4297 qna

537 4299 601 4350 tum
610 4295 784 4358 Kalendarii,
793 4296 855 4345 tum
868 4292 977 4358 Proprii
988 4290 1155 4345 officiorum
1166 4297 1197 4345 et
1216 4292 1369 4345 biieaarum
1391 4292 1589 4346 extensionem

1659 4294 1743 4346 ierint
1759 4295 1844 4358 jnxta
1859 4295 2073 4347 oonoesannem
2097 4297 2203 4352 iarum
2219 4299 2270 4350 enb

537 4363 692 4416 enunciata
704 4361 751 4413 die
761 4360 813 4426 vii.
823 4358 999 4425 Septembris
1011 4355 1085 4410 1811.
1098 4357 1129 4409 in
1143 4359 1348 4424 approbatione
1367 4357 1541 4436 Kalendarii.
1553 4385 1586 4396 -
1638 4360 1745 4412 notitae
1765 4375 1847 4427 porro
1866 4359 1934 4424 Sua,
1952 4361 2094 4414 referente
2111 4364 2267 4430 subscripto

535 4423 1218 4557 &intromittitiitniittitei
1231 4423 2224 4608 iitiifiititifiitiittitinititiintitttiiiis
2251 4467 2268 4546 i

595 4561 677 4614 lestis
686 4561 730 4612 rei
749 4557 869 4612 Sabellis
882 4557 925 4610 nti
937 4569 1025 4623 supra
1036 4555 1208 4620 designatis.
1220 4555 1340 4609 Contrnr
1352 4557 1378 4610 ia
1389 4569 1447 4608 non
1459 4557 1640 4610 obstantibus
1651 4559 1892 4624 quibuscumque.
1910 4559 1962 4612 Die
1980 4557 2013 4610 15
2031 4560 2179 4616 Februarii
2198 4560 2267 4616 litt.

1108 4637 1141 4692 (i.
1154 4639 1233 4706 anne
1249 4638 1360 4694 ostien.
1372 4639 1402 4694 et
1413 4637 1553 4699 volitem.
1565 4640 1805 4700 Carboniani
1821 4642 1852 4696 S.
1864 4641 1897 4696 R.
1910 4641 1942 4694 c.
1956 4643 2041 4696 Pras.

1307 4775 1336 4824 it.
1359 4775 1524 4832 tirannus-r
1550 4771 1579 4826 S.
1594 4771 1629 4824 n.
1643 4770 1675 4824 c.
1687 4769 1873 4826 Serreiariue.

669 4713 699 4763 ι.
720 4709 781 4775 ss.

570 4947 711 5014 Diligenti
731 4947 873 5002 revisione
892 4953 1012 5014 peraeta
1026 4949 1126 5002 omnia
1148 4961 1215 5003 enm
1227 4949 1275 5003 Ori
1310 4947 1427 5002 natibus
1441 4947 1613 5003 concordare
1633 4947 1884 5016 repertasunt.1n
1905 4961 2027 5014 qnorum
2046 4949 2204 5018 ndem‚ate.
2224 4951 2264 5006 iix

536 5013 696 5074 &troiana
709 5014 803 5068 Sacra
814 5016 935 5071 Ritunm
948 5016 1191 5088 congregationis
1203 5017 1257 5070 hae
1290 5017 1316 5068 ie
1329 5013 1362 5068 lo
1373 5015 1440 5068 btaii
1454 5013 1530 5068 1873.

535 5200 632 5253 Lorne
647 5196 669 5265 ’t
687 5197 797 5266 sigilii.

714 5439 844 5510 imprimi
859 5441 967 5512 poten.

763 5587 954 5644 tieehiiniaeii
971 5587 1099 5656 insueti
1118 5584 1193 5643 itio.

1385 5133 1439 5188 Pro
1451 5133 1483 5186 R.
1497 5133 1529 5188 P.
1545 5135 1579 5188 D.
1593 5133 1771 5190 bombico
1789 5135 1995 5202 bennonim,
2007 5135 2198 5192 Suburano.

1521 5265 1671 5320 Josnruus
1685 5265 1843 5332 Crcoonrur,
1859 5265 2051 5321 substitutus.

1522 5730 1683 5786 ivieuon
1700 5730 1900 5802 AUGUSTUS,
1916 5733 2006 5790 Aucti.
2018 5733 2131 5788 bisunt..
