5325 7200
655 1045 718 1119 SS.
739 1044 883 1186 Spinesp
901 1047 1056 1123 Coronae
1072 1048 1115 1123 D.
1136 1047 1181 1122 N.
1199 1049 1234 1125 J.
1256 1050 1298 1123 G.
1634 1064 1656 1135 5

310 1194 461 1294 quidem
476 1206 519 1269 et
536 1194 599 1268 diii
618 1190 825 1269 imitutdres
839 1194 965 1293 ipsius,
1005 1194 1169 1293 implexa
1189 1194 1304 1293 spinis
1323 1192 1490 1283 victima,

311 1294 370 1371 sed
389 1294 462 1367 hoc
480 1318 531 1367 ex
548 1293 738 1368 industria
753 1292 871 1392 adjuti
898 1320 967 1393 pen
1006 1292 1223 1392 Arde'nsque
1250 1294 1408 1369 testttur
1425 1293 1555 1369 rubus.

310 1396 482 1495 gritiam.
504 1392 615 1467 Solus
632 1394 703 1467 iste
722 1407 883 1467 amatre
901 1418 968 1467 co·
997 1384 1139 1466 Arcam
1156 1393 1298 1467 cordua
1311 1393 1494 1484 cinxerat,

312 1494 464 1567 sonitus
477 1504 551 1577 est,
573 1493 665 1593 quin
681 1492 781 1567 solus
799 1518 886 1568 cum
906 1518 969 1567 or·
1005 1494 1215 1592 Mensaeque
1256 1516 1419 1567 suerunt
1445 1493 1655 1587 circuium3
1765 1492 1770 1497 “

311 1594 446 1665 diuitis
463 1590 747 1681 uiieetidnihus‚
772 1606 967 1691 tamquam
1006 1590 1193 1691 Animque
1211 1590 1322 1666 thure
1344 1590 1533 1667 fumidam

311 1715 463 1791 sponsus
484 1716 508 1765 e
537 1691 709 1766 thilamo
725 1693 907 1791 pnoee'ssit
923 1716 968 1767 ex
1006 1692 1151 1766 Cordna
1169 1692 1286 1766 nectit
1303 1689 1488 1767 a‘mbiens.

311 1794 413 1866 uem
427 1790 581 1865 matris.
998 1787 1140 1865 Christi
1155 1790 1329 1865 doldnum
1348 1791 1511 1883 eiusde,
1544 1866 1548 1869 ,

308 1898 338 1980 d
373 1890 555 1965 Christus
583 1892 705 1965 sciens
733 1888 903 1964 doldrem
931 1904 968 1964 et
1005 1891 1125 1983 Salve,
1151 1891 1298 1965 Condns
1315 1891 1456 1992 glinon,

311 1990 590 2079 infirmita'tem‚
611 1990 727 2089 spinis
750 1988 965 2114 conquestus,
1005 1989 1172 2065 Gemmis
1190 2004 1228 2065 et
1241 2012 1333 2065 suro
1347 1990 1555 2091 pulchrior,

305 2092 323 2129 ¹*
353 2092 433 2190 ipse
463 2104 536 2179 est,
557 2092 621 2189 qni
651 2090 810 2164 condunt
836 2112 901 2163 vos
930 2088 968 2163 in
1005 2090 1168 2167 Vincens
1186 2090 1342 2165 contines
1360 2090 1540 2164 siderum.

312 2188 574 2265 miseriedrdin
592 2204 632 2263 et
644 2188 965 2265 miseratidnibus.
995 2189 1140 2277 Virtus,
1162 2188 1299 2281 honor,
1322 2188 1416 2279 laus,
1436 2188 1556 2290 gliris

306 2286 338 2363 i.
367 2288 605 2364 Vuinenitus
622 2302 776 2388 propter
792 2288 968 2387 iniquita'·
1006 2290 1083 2363 Deo
1098 2289 1196 2363 Patri
1211 2312 1298 2363 cum
1312 2288 1419 2376 Filio,

311 2402 361 2462 tes
377 2402 548 2478 nostras,
570 2390 721 2463 attritus
738 2400 795 2463 est
816 2402 970 2487 propter
1005 2388 1142 2462 Sancto
1160 2388 1272 2461 simul
1288 2386 1490 2477 Parisino,

309 2486 443 2563 sce'iera
456 2490 716 2587 nostra.cujus
731 2488 845 2561 livdne
863 2486 967 2561 sand-
1004 2490 1046 2561 ln
1059 2486 1280 2563 saeculdrum
1298 2487 1445 2563 saecula.
1470 2486 1605 2562 Amen.

311 2586 965 2688 tisumus.ipse.GidniaPatridpsu.
995 2590 1033 2672 i.
1063 2588 1146 2660 Eris
1164 2582 1312 2661 Cordus
1331 2588 1458 2688 glirise
1480 2588 1522 2661 in
1541 2611 1656 2660 manu

333 2688 456 2762 Lectio
475 2685 676 2763 indicitur
688 2686 734 2761 de
752 2688 862 2763 Hom.
876 2691 959 2765 Fer.
1004 2686 1210 2803 deininp.
1237 2687 1283 2759 Et
1299 2685 1477 2761 diadema
1490 2687 1599 2789 regni
1612 2687 1651 2759 in

306 2788 365 2859 Te
393 2787 522 2861 Deum
549 2786 761 2877 iuuddnsus,
784 2803 869 2886 post
903 2791 954 2887 iij.
1005 2810 1120 2859 manu
1134 2788 1200 2860 Det
1214 2787 1279 2861 tui.

312 2886 411 2961 Noct.
429 2890 546 2963 Dom.
1093 2889 1151 2964 Ad
1181 2890 1419 2986 Benedictus,
1449 2893 1543 2965 Aha.

482 2982 551 3059 An
577 2983 791 3081 LAUDES,
1004 2984 1127 3058 Exivit
1159 2984 1268 3058 Jesus
1295 2996 1451 3083 portans
1484 2982 1653 3082 spineam
1756 2990 1762 2999 ’

429 3102 468 3163 et
485 3088 703 3189 perfluens,
722 3088 824 3163 Ahae.
1003 3085 1203 3179 corenam,
1224 3096 1262 3158 et
1279 3084 1512 3185 purpureum
1539 3083 1652 3156 vesti·

312 3194 338 3259 t.
362 3182 543 3259 Dilectus
572 3209 679 3259 mens
704 3182 902 3273 cdndidus,
925 3198 964 3257 et
1005 3184 1191 3258 mentum.

314 3280 558 3371 mhicdndus,
575 3308 691 3358 cumae
720 3284 853 3383 cipitis
883 3282 963 3383 ejus
1250 3291 1394 3367 Oratio,

313 3383 838 3483 sicutpiirpum'regisvincta
851 3384 961 3457 unni·
1070 3417 1194 3482 nnsis,
1222 3415 1448 3491 quaesumus,
1478 3388 1655 3487 omnipo-

314 3478 959 3585 1111115111.υόηιῑηιιενεςηίινὶι.
1095 3506 1178 3565 tens
1195 3491 1296 3565 Deus
1317 3518 1325 3563 ε
1345 3504 1389 3564 ut
1416 3490 1481 3589 qui
1509 3490 1550 3561 in
1575 3512 1654 3561 me·

309 3613 385 3664 cum
405 3588 518 3689 reliq.
544 3588 591 3664 de
612 3588 728 3662 unica
743 3648 753 3683 ,
773 3588 820 3664 ad
836 3590 955 3666 Laud.
1001 3588 1162 3666 muriam
1176 3590 1361 3666 Passidnis
1373 3589 1524 3663 deini
1536 3586 1654 3662 nostri

310 3693 342 3761 2.
364 3697 568 3797 Requievit
583 3723 697 3798 super
712 3723 799 3772 eum
813 3699 965 3798 spiritus
1000 3694 1088 3766 Jesu
1114 3689 1250 3764 Christi
1271 3690 1456 3764 Cordnarn
1479 3688 1559 3788 ejus
1575 3687 1656 3786 spi·

314 3795 452 3870 timeris
468 3798 547 3871 Dni
565 3826 574 3872 :
590 3797 728 3874 coi-dna
752 3799 962 3898 sapientie,
1001 3815 1111 3866 neam
1139 3790 1368 3865 venerimur
1384 3791 1425 3864 in
1443 3789 1581 3880 terris3
1606 3784 1656 3859 ab

314 3909 348 3968 et
362 3896 606 3971 exultatidnis
624 3895 815 3972 deposivit
842 3897 961 3972 ilium.
1001 3891 1081 3991 ipso
1105 3887 1237 4008 gliris,
1258 3901 1297 3962 et
1313 3889 1457 3962 hundre
1480 3885 1654 3960 cononici

310 3991 341 4063 3.
377 3996 509 4070 Induit
538 4021 627 4070 eum
650 3995 834 4071 deinus
856 3999 964 4072 vesti·
1002 4014 1216 4064 mereamur
1230 3991 1268 4062 in
1286 3988 1402 4063 coelis.
1420 3987 1491 4082 Qui
1511 4001 1651 4061 tecum.

316 4095 446 4170 mentis
482 4095 630 4187 saisitis,
667 4109 706 4170 et
739 4095 965 4171 indumento
1042 4093 1089 4168 Et
1104 4093 1148 4168 fit
1165 4117 1366 4168 commem.
1387 4095 1515 4167 Feuiae.

312 4195 459 4292 justitiae
489 4197 596 4294 quasi
616 4219 794 4294 sponsum
812 4196 967 4270 decursi·
1138 4193 1497 4286 AdTertism,Ai1a.

318 4307 390 4366 tuni
405 4295 565 4368 cortina.
806 4331 813 4346 ·
1002 4295 1199 4398 hequidvit
1211 4321 1323 4394 super
1341 4317 1443 4368 eum.

312 4391 342 4462 i.
378 4393 599 4468 Fasciculus
628 4393 790 4494 myrnhae
808 4394 967 4468 dilectus
1043 4394 1171 4492 Capit·
1209 4393 1488 4496 Egredimini‚
1515 4416 1641 4488 supra.

315 4515 414 4566 meus
448 4493 561 4582 mihi,
595 4494 698 4568 inter
730 4494 849 4568 ubera
883 4519 966 4568 mea
994 4507 1031 4592 19.
1052 4494 1113 4568 br.
1130 4496 1210 4568 Eris
1230 4491 1376 4568 Conina
1393 4492 1520 4594 gttriae
1538 4517 1546 4561 ε
1562 4495 1583 4537 *
1611 4490 1652 4561 in

313 4593 621 4668 communibitun.
1003 4619 1120 4670 manu
1144 4595 1307 4668 Ddinini.
1329 4592 1472 4668 Erisi.
1498 4591 1549 4662 Et
1566 4587 1654 4661 dia-

315 4693 345 4762 5.
363 4691 440 4766 hex
459 4693 609 4766 sete'rnae
625 4693 754 4794 gttriae
770 4719 839 4792 pro
858 4691 967 4766 uobis
1002 4695 1115 4769 denia
1133 4695 1240 4794 regni
1272 4693 1311 4766 in
1342 4717 1461 4765 manu
1474 4689 1554 4770 ,Dei
1585 4687 1654 4761 tui.

316 4793 535 4875 coronitus,
577 4790 779 4866 benedicet
820 4791 967 4866 cordnae
1002 4797 1057 4868 ln.
1073 4791 1209 4866 Clinia
1220 4790 1496 4868 turturini.
1532 4785 1660 4860 Gldrin

316 4891 399 4964 unni
414 4889 659 5006 benignitdtis
678 4915 766 4966 suae.
1003 4909 1041 4970 et
1065 4891 1209 4967 hondre
1235 4891 1422 4966 coronzisti
1456 4913 1557 4977 eum,
1586 4885 1657 4958 Dd·

425 4989 653 5092 Capitulum.
686 5003 791 5074 Cant.
813 5005 850 5077 3.
1005 4996 1119 5068 mine.
1144 5003 1182 5110 9.
1223 4993 1273 5066 Et
1302 4987 1527 5064 constituisti
1568 5008 1657 5058 eum

381 5123 584 5188 1111111111,
630 5111 668 5174 et
702 5099 840 5190 vidite,
876 5097 967 5173 filiae
1002 5119 1114 5194 super
1144 5115 1260 5192 opens
1285 5090 1469 5164 minuum
1490 5085 1654 5159 tudrum.

400 5197 504 5286 Sion,
523 5223 650 5299 regem
668 5197 908 5273 Salnmdnem
926 5199 966 5272 in
1141 5187 1374 5282 1111111111,
1393 5186 1489 5262 Ana.

320 5291 541 5390 diademate,
560 5323 636 5398 quo
653 5299 847 5373 curondvit
859 5297 964 5372 illum
1002 5297 1130 5374 induit
1145 5321 1247 5372 eum.

322 5407 527 5472 mntersua.
1108 5389 1338 5491 Capitulum.
1370 5400 1490 5494 Apoc.
1507 5393 1545 5467 6.

542 5493 723 5592 Hymnus.
1087 5523 1135 5572 nn
1156 5525 1164 5571 ε
1187 5509 1226 5570 et
1250 5517 1338 5570 ecce
1367 5517 1487 5594 equus
1516 5488 1655 5565 albus:

325 5597 457 5772 Lenis
472 5593 604 5696 figdn's
621 5595 789 5698 pingitur
992 5505 1142 5682 vet
1155 5596 1220 5695 qui
1234 5594 1388 5668 sedebat
1405 5619 1447 5667 su
1498 5588 1656 5672 nillum,

395 5693 529 5768 Christi
548 5695 695 5770 Conina
717 5691 880 5772 ndbiiis:
1001 5695 1321 5772 hahebatnreum
1352 5706 1428 5768 :et
1495 5699 1607 5766 tuest
1623 5688 1657 5762 ei
