5325 7200
1123 814 1194 891 Die
1216 812 1266 891 ix,
1288 812 1397 891 tutti.
2099 838 2123 914 7

673 1012 729 1063 triu
751 1012 799 1061 tit.
823 1010 924 1063 ttthtt.

524 1114 567 1195 B.
592 1110 772 1195 MthAE
797 1110 844 1209 V.
872 1102 1083 1189 ROSthl

639 1244 684 1299 nn
702 1236 958 1308 cnrnnrnnnmt

379 1316 640 1415 Nuncupatar
667 1312 705 1388 in
738 1310 860 1388 indiis
882 1305 1208 1387 occidentalibus.

588 1420 797 1501 introitus.
820 1428 1018 1513 §edulium

389 1673 438 1750 ;
468 1630 563 1750 5323*
587 1646 786 1753 puerpera
794 1645 942 1747 Regem
957 1672 967 1723 z
984 1642 1053 1745 qui
1069 1640 1214 1723 eoeium

389 1733 566 1920 N
591 1756 829 1943 &lilith
855 1746 1216 1938 ttssttthtlt

384 1992 615 2051 cormeum
640 1970 806 2050 verbum
830 1968 983 2049 honum
1003 1994 1012 2045 :
1033 1965 1124 2046 dico
1142 1985 1215 2065 ego

385 2078 514 2181 dpera
532 2101 623 2158 mea
644 2078 754 2256 Regii).
767 2072 803 2168 i·
823 2074 962 2190 §idria
982 2073 1102 2154 Patri.

758 2186 872 2255 ratio.

461 2312 607 2369 onnanu
624 2288 804 2369 dmnium
824 2286 990 2389 largitor
1005 2284 1128 2385 Deus,
1147 2284 1216 2387 qui

473 2398 687 2479 Genitrieis
698 2396 913 2477 diiectiiilii
923 2394 981 2475 tui
995 2394 1217 2497 speeidsam

389 2504 606 2609 imhginem
621 2506 723 2585 mira
736 2504 986 2608 apparitidne
999 2500 1217 2581 clarescere

389 2613 550 2694 voluisti
568 2642 577 2693 ε
595 2614 769 2694 concede
783 2634 1035 2715 quaesumus:
1054 2618 1099 2689 ut
1114 2608 1217 2711 ejds·

390 2720 485 2799 dem
518 2721 646 2803 nette
679 2722 815 2801 Mariae
834 2718 1006 2821 Virginis
1028 2717 1218 2797 interces-

391 2826 518 2925 sidne,
536 2829 604 2909 ad
632 2828 834 2910 coeldstem
852 2824 1024 2930 pdtrlam
1050 2822 1217 2905 ieiieiter

392 2936 673 3037 perducimur.
691 2936 767 3015 Per
781 2933 967 3014 ehmdem
982 2930 1215 3011 ildminum.

455 3042 595 3125 Lectio
614 3043 707 3121 libri
726 3040 955 3143 Sapientiae.
969 3042 1080 3121 l‘rnv.
1108 3044 1144 3119 8.

466 3174 598 3231 nurum
625 3150 803 3255 possedit
834 3170 899 3228 me
929 3146 971 3226 in
998 3144 1115 3228 initio
1136 3146 1217 3229 vid·

391 3170 461 3345 D
480 3280 571 3338 rum
583 3254 981 3357 suarum,hntequam
996 3253 1217 3357 quidquam

393 3368 580 3447 licereta
604 3362 817 3468 principio.
850 3362 1082 3443 alstemo
1110 3360 1218 3442 crdi-

395 3478 485 3555 nhta
517 3496 621 3571 sum,
650 3480 689 3551 et
719 3495 767 3551 ex
796 3470 972 3572 antiquis
1002 3469 1218 3573 antequam

394 3594 501 3664 terra
520 3581 651 3662 lieret.
671 3578 858 3662 Nondum
877 3585 992 3660 erant
1010 3576 1159 3680 abyssi,
1179 3587 1220 3659 et

393 3714 464 3793 ego
493 3692 580 3792 Jam
616 3686 810 3790 concepta
843 3708 955 3766 eram
992 3713 1001 3765 ε
1044 3683 1218 3766 necdum

394 3800 523 3879 inntes
548 3797 746 3898 aquhrum
774 3793 1019 3897 erdpernnt:
1047 3793 1219 3874 necdum

394 3913 551 3986 montes
568 3903 677 4005 gravi
694 3901 799 3981 mole
814 3901 1078 3982 constiterant
1097 3925 1106 3978 ε
1127 3907 1220 3982 ante

395 4011 516 4094 colles
547 4033 620 4116 ego
649 4009 942 4115 parturiebar:
978 4007 1109 4088 adhue
1141 4016 1221 4088 ter-

394 4143 478 4201 ram
492 4141 574 4201 non
592 4119 753 4216 iecerat,
771 4127 811 4196 et
831 4115 1011 4214 thimiun,
1034 4123 1074 4196 et
1091 4115 1221 4195 cdrdi-

395 4251 463 4308 nes
482 4227 593 4308 orbis
612 4235 742 4306 terrae.
772 4223 944 4322 Quando
968 4223 1222 4327 praeparabat

394 4335 529 4434 coetos,
549 4333 713 4414 iaderam
730 4360 739 4412 :
760 4330 922 4434 quando
940 4339 1048 4410 certa
1066 4330 1165 4430 lege,
1182 4335 1223 4410 et

394 4467 490 4546 gyro
505 4441 677 4523 validbat
690 4439 879 4542 abyssos:
896 4437 1059 4539 quando
1073 4439 1222 4518 ethera

396 4551 582 4630 firmhbat
607 4568 782 4646 sursum,
816 4555 856 4626 et
889 4545 1065 4626 iibrdhat
1091 4545 1222 4625 lentes

395 4661 591 4762 aqudrum
613 4685 622 4736 :
646 4655 808 4760 quando
827 4652 1103 4734 eirchmdabat
1120 4651 1221 4732 mari

397 4768 612 4847 terminum
646 4785 779 4864 suum,
816 4771 856 4843 et
886 4762 1014 4864 legem
1046 4761 1223 4864 pnndbai

395 4875 582 4978 aquis,ne
596 4873 813 4954 transirent
827 4871 925 4951 fines
937 4868 1222 4972 snoszqunndn

395 4983 651 5088 appendebat
672 4978 931 5060 fundamenta
959 4985 1091 5058 terrm.
1120 4977 1221 5058 Cum

397 5115 444 5171 en
463 5112 575 5170 eram
594 5099 736 5168 cuncta
764 5086 1029 5189 compdnens3
1050 5093 1090 5165 et
1115 5083 1223 5164 dele·

397 5197 534 5278 ethbar
545 5219 618 5300 per
632 5193 809 5297 singulos
820 5193 920 5292 dies,
931 5191 1073 5272 iudeus
1086 5213 1222 5270 coram

398 5329 445 5386 eo
463 5305 574 5385 omni
593 5303 789 5405 tempore,
809 5300 952 5380 ludens
967 5300 1009 5378 in
1028 5298 1127 5380 orbe
1144 5308 1223 5378 ter·

398 5417 552 5492 mrum:
571 5419 612 5490 et
629 5409 781 5490 delleiae
799 5431 898 5488 meae
916 5431 1002 5488 esse
1019 5427 1110 5486 cum
1128 5405 1223 5485 filiis

399 5519 620 5599 hhminum.
636 5517 750 5596 Nunc
767 5539 875 5618 ergo,
889 5515 976 5612 iiiii,
989 5513 1124 5594 audite
1136 5535 1221 5592 me:

399 5629 505 5708 netu
522 5627 591 5730 qui
609 5624 839 5706 custhdinnt
852 5623 935 5706 vias
949 5621 1224 5703 menshudite

396 5735 666 5838 disciplinam,
680 5747 719 5814 et
732 5733 858 5814 estdte
873 5729 1086 5834 sapidntes
1103 5738 1142 5810 et
1157 5752 1226 5810 no·

399 5845 466 5924 lite
480 5841 670 5944 abjicere
693 5863 795 5920 eam.
825 5841 971 5920 Behtus
992 5839 1133 5936 homo,
1154 5835 1223 5940 qui

398 5951 511 6030 audit
528 5971 606 6049 me,
626 5947 752 6052 etqui
770 5947 904 6052 vigilat
922 5945 973 6025 ad
990 5945 1096 6028 iores
1114 5967 1224 6026 meas

397 6057 590 6162 quotidie,
619 6067 659 6136 et
682 6055 868 6138 observat
892 6055 944 6133 ad
972 6063 1108 6158 postes
1132 6051 1224 6132 datii

399 6165 489 6248 mei.
550 6163 628 6264 Qui
672 6187 736 6244 me
782 6162 1003 6264 induerit,
1049 6161 1223 6246 inveniet

1887 998 2132 1190 titum

1302 1232 1359 1304 es,
1375 1212 1485 1316 virgo
1501 1210 1651 1292 illaria:
1669 1234 1759 1315 quoe
1776 1214 1863 1293 sine
1876 1221 1984 1296 tactu
1998 1214 2127 1319 putld-

1301 1320 1358 1401 ris
1386 1319 1544 1400 inventa
1576 1342 1620 1399 es
1649 1320 1777 1401 Mater
1811 1320 2039 1406 Salvatdris.
2086 1306 2123 1406 l·

1301 1430 1423 1531 Virgo
1457 1428 1532 1510 Dei
1553 1427 1737 1531 genitrix,
1764 1453 1884 1534 quem
1912 1439 2020 1516 tutus
2047 1462 2129 1522 nnn

1303 1537 1411 1639 capit
1427 1536 1552 1635 orbis,
1572 1536 1614 1615 in
1636 1545 1705 1618 tua
1722 1561 1765 1619 se
1791 1538 1935 1621 elausit
1959 1544 2127 1646 viscera,

1303 1644 1430 1725 laetus
1449 1644 1584 1726 homo.

1352 1743 1534 1841 Alleluia,
1550 1749 1724 1833 nlleidia.
1745 1744 1784 1841 l·
1805 1754 1916 1837 Felix
1936 1781 1993 1859 es,
2014 1782 2129 1841 saera

1302 1860 1414 1981 virgo
1444 1858 1583 1982 Maria,
1614 1868 1654 1941 et
1692 1864 1803 1943 omni
1832 1864 1951 1946 laude
1981 1867 2130 1971 dignis·

1305 1986 1407 2044 sima
1422 1994 1432 2042 ε
1449 1986 1544 2067 qum
1559 1988 1607 2045 ex
1621 1974 1661 2046 te
1675 1976 1788 2049 crtus
1803 1979 1863 2051 est
1877 1972 1937 2053 sol
1948 1974 2129 2073 jusutioe,

1305 2071 1490 2152 Christus
1507 2071 1616 2151 Deus
1634 2084 1785 2155 noster.
1805 2076 1991 2159 hlieldin.

1304 2178 1356 2283 ᾖ
1368 2176 1529 2260 initium
1543 2182 1670 2261 saneti
1691 2182 1890 2287 Evangelii
1905 2184 2127 2268 seedudum

1534 2287 1779 2369 Matthaenm.
1799 2306 1832 2359 c.
1861 2286 1894 2358 l·

1377 2418 1461 2474 men
1481 2394 1748 2497 generatitinis
1768 2398 1865 2479 Jesu
1888 2399 2037 2480 Christi
2055 2398 2130 2479 iiiii

1321 2600 1329 2609 ,
1391 2504 1611 2603 naviqutii
1624 2504 1839 2594 iibraham.
1852 2508 2055 2588 Abraham
2067 2508 2132 2613 gd-

1307 2612 1394 2693 nuit
1410 2614 1534 2693 isaac.
1556 2612 1669 2693 isaac
1685 2622 1818 2695 autem
1834 2614 1972 2719 genuit
1987 2616 2128 2697 Jacob.

1304 2720 1581 2801 incubantem
1599 2721 1736 2823 genuit
1751 2722 1912 2822 ludam,
1928 2732 1969 2806 et
1987 2724 2131 2806 iratres

1306 2833 1405 2933 ejus.
1431 2826 1557 2910 iudas
1581 2841 1715 2909 autem
1745 2830 1881 2933 genuit
1906 2832 2072 2931 Pharas,
2091 2840 2133 2913 et

1305 2937 1450 3015 Zarnm'
1466 2935 1516 3015 de
1531 2934 1720 3015 Thamar.
1745 2929 1895 3018 Pha'res
1914 2945 2046 3019 autem
2065 2938 2132 3041 gd·
2164 2996 2179 3024 .

1307 3042 2128 3147 nuitltsron.Esronantemgtnuittrem.

1306 3152 1427 3231 liram
1453 3159 1587 3230 autem
1608 3149 1744 3253 genuit
1764 3151 2003 3231 hminadab.
2022 3152 2132 3232 hmi-

1307 3256 1440 3337 nadab
1452 3264 1585 3337 autem
1599 3256 1735 3361 genuit
1745 3256 1938 3339 Naissnn.
1952 3258 2132 3339 Nnhssnn

1306 3374 1440 3445 autem
1459 3364 1596 3467 gennit
1614 3364 1790 3446 Salmnn.
1813 3363 1978 3447 Salmon
1997 3374 2131 3445 autem

1306 3472 1443 3575 genuit
1473 3472 1579 3552 Bnoz
1607 3472 1658 3551 de
1686 3470 1838 3551 Rahah.
1870 3472 1976 3554 Boon
1998 3481 2133 3553 autem

1306 3582 1443 3687 gennit
1459 3580 1575 3662 Obed
1590 3605 1638 3662 ex
1652 3582 1775 3662 Ruth.
1790 3580 1906 3663 Ohed
1919 3590 2053 3664 autem
2068 3580 2134 3686 gd·

1307 3692 1396 3772 nuit
1410 3691 1536 3772 iesse.
1555 3691 1667 3771 iesse
1685 3697 1818 3771 autem
1841 3691 1979 3793 genuit
2005 3688 2133 3770 David

1307 3820 1455 3900 regem.
1477 3797 1605 3879 David
1628 3805 1761 3879 autem
1782 3798 2005 3902 rexgenuit
2021 3797 2134 3881 Sain-

1308 3906 1471 3985 mdnem
1485 3927 1534 3984 ex
1546 3927 1607 4002 ea,
1620 3928 1710 4007 quae
1722 3905 1797 3986 init
1809 3907 1928 3987 Uriae.
1942 3905 2134 3987 Stinmon

1308 4011 1587 4115 antemgenuit
1600 4012 1985 4094 Reboamtttboam
2000 4021 2134 4092 autem

1308 4122 1446 4224 genuit
1475 4119 1632 4200 hbiam.
1669 4120 1791 4200 Abies
1824 4127 1958 4200 autem
1997 4119 2136 4222 gdnnit

1309 4229 1402 4309 han.
1419 4228 1497 4307 Asa
1522 4235 1657 4305 autem
1674 4225 1810 4328 genuit
1834 4225 2043 4328 staphat.
2070 4223 2138 4304 id-

1310 4335 1454 4440 saphat
1482 4343 1615 4413 nutem
1646 4333 1782 4434 genuit
1808 4332 1960 4414 Jnram.
1996 4333 2134 4414 loram

1310 4453 1443 4522 nutem
1479 4440 1616 4543 genuit
1654 4438 1807 4519 Oziam.
1845 4438 1963 4519 Ozias
2001 4448 2134 4519 autem

1309 4544 2136 4650 genuittdatham.thathamautemgenuit

1310 4658 1452 4736 hohan.
1468 4655 1599 4735 hehaz
1612 4663 1746 4735 autem
1758 4653 1896 4756 genuit
1909 4653 2134 4734 Ezechiam.

1312 4765 1500 4845 Ezechias
1517 4772 1651 4844 antem
1663 4763 1801 4865 genuit
1811 4762 2036 4842 hinnissen.
2051 4761 2135 4841 iiia·

1311 4874 1448 4953 nhsses
1483 4880 1616 4952 nutem
1652 4870 1789 4973 genuit
1821 4871 1965 4948 Amen.
2004 4870 2135 4949 hmon

1310 4989 1445 5060 autem
1473 4979 1610 5082 genuit
1642 4977 1808 5060 inslam.
1841 4977 1972 5058 Jnsias
2001 4983 2136 5056 autem

1311 5088 1447 5192 genuit
1475 5087 1723 5183 teutoniam,
1750 5095 1790 5167 et
1815 5086 1960 5165 iratres
1981 5085 2067 5185 ejus
2092 5083 2135 5162 in

1312 5194 1662 5298 transmigratidue
1698 5193 1928 5296 Babyldnis.
1965 5193 2015 5272 itt
2044 5199 2138 5295 post

1312 5302 1704 5406 transmigratidnem
1728 5299 1945 5403 Bnhyldnis
1963 5326 1972 5377 :
1992 5298 2137 5380 lechn-

1313 5412 1400 5490 nias
1412 5410 1547 5512 genuit
1566 5408 1771 5491 Saldthiel.
1792 5407 1983 5489 Saltthiet
2001 5413 2137 5487 autem

1312 5517 1449 5622 genuit
1473 5516 1710 5597 Zordbahel.
1741 5514 1967 5596 Zordhahei
2000 5521 2135 5594 autem

1311 5626 1447 5728 genuit
1483 5624 1631 5704 hbiud.
1666 5625 1799 5704 hhiud
1831 5635 1964 5704 autem
2000 5621 2138 5726 genuit

1315 5733 1493 5812 Eiiacim.
1524 5731 1691 5812 Eiiacim
1715 5739 1849 5812 autem
1867 5731 2003 5835 genuit
2019 5730 2136 5812 tzor.

1312 5843 1414 5922 haer
1431 5851 1565 5921 autem
1582 5841 1718 5942 gennit
1746 5838 1889 5922 Sadnc.
1914 5839 2046 5921 Sadoe
2063 5861 2138 5919 au-

1313 5959 1392 6032 tem
1417 5951 1554 6050 adnuit
1578 5949 1733 6028 Achim.
1762 5949 1903 6028 hehim
1921 5957 2055 6030 autem
2072 5947 2138 6052 ge·

1313 6060 1400 6140 nuit
1415 6057 1548 6139 Eiiud.
1579 6056 1696 6137 Eiiud
1714 6067 1848 6138 autem
1866 6056 2001 6161 genuit
2024 6055 2138 6138 Eleia·

1311 6189 1390 6247 aar.
1427 6167 1589 6248 Eleazar
1622 6175 1755 6247 antem
1784 6166 1920 6270 genuit
1954 6165 2131 6248 Mathan.
