5325 7200
1024 1016 1048 1089 4
1420 994 1485 1065 Die
1504 994 1557 1090 iij.
1573 993 1688 1065 Junii.
1704 992 1743 1069 S.
1763 992 1922 1067 Hun'nae.

1025 1156 1169 1248 nibiii,
1207 1154 1393 1231 ditissimo
1423 1178 1469 1230 ac
1506 1153 1675 1229 minime
1714 1152 1938 1229 uouoimae
1976 1154 2143 1231 mulieris
2179 1157 2350 1237 memorio
2413 1147 2414 1154 ἵ

1028 1258 1090 1357 pio
1114 1256 1217 1349 viro,
1249 1254 1447 1329 Huniviliae
1475 1255 1517 1329 in
1531 1251 1678 1329 Alstua
1711 1247 1850 1327 simodo
1866 1253 1906 1327 iu
1924 1252 2189 1331 benedictione
2204 1257 2301 1350 iuit,
2317 1275 2351 1337 et

1028 1355 1221 1457 superiore
1246 1351 1398 1457 degefnti
1427 1363 1548 1527 nupto
1566 1410 1577 1446 ,
1598 1364 1678 1429 tota
1712 1351 1824 1451 plenu
1851 1376 1941 1427 cum
1971 1350 2112 1429 fiducia
2133 1356 2174 1429 in
2198 1357 2274 1431 suis
2288 1382 2350 1433 ne·

1029 1457 1070 1529 in
1086 1454 1487 1556 eoiuitutcinjugisc
1516 1451 1678 1528 ristiinae
1712 1451 1947 1527 cessititibus
1999 1476 2084 1529 eum
2133 1454 2352 1533 invocibont

1028 1580 1073 1631 ao
1115 1552 1223 1630 bonae
1260 1555 1394 1629 matris
1429 1552 1557 1628 oflicia
1584 1549 1678 1625 udu-
1712 1549 1855 1625 fideles.
1876 1552 2049 1627 Tandem
2065 1554 2143 1629 Leo
2158 1554 2348 1646 De'cimus,

1028 1655 1187 1731 mistim
1212 1653 1402 1756 impleret.
1434 1652 1599 1729 Unicum
1622 1650 1678 1725 ii·
1711 1650 1887 1725 Pontifex
1941 1652 2162 1740 Misimus,
2208 1652 2350 1729 heitom

1028 1753 1123 1828 lium
1139 1810 1148 1847 ,
1165 1749 1530 1843 concinnendum,
1544 1750 1678 1826 Nivir—
1712 1749 1891 1825 Hunnam
1913 1750 1956 1826 in
1979 1751 2208 1827 sanctonum
2224 1754 2350 1829 nume·

1028 1854 1136 1927 minei
1157 1854 1250 1929 olim
1272 1851 1479 1955 Episcopo,
1495 1848 1568 1926 sibi
1595 1848 1679 1925 vin·
1712 1872 1796 1923 rum
1816 1848 1970 1942 nitulit,
1989 1875 2092 1926 anno
2108 1876 2133 1927 u
2148 1853 2228 1927 Deo
2244 1852 2351 1929 homi·

1027 1952 1114 2029 culo
1138 1952 1380 2029 sanctissime.
1396 1950 1572 2027 amicitie
1582 1949 1679 2050 juu-
1711 1972 1761 2023 ne
1772 1948 1972 2025 millesimo
1988 1950 2289 2053 quingentesimo
2303 1956 2350 2025 vi-

1027 2066 1111 2145 cto,
1131 2048 1385 2153 baptizitum,
1400 2050 1575 2125 doctrina
1594 2073 1679 2143 ,su·
1711 2048 1856 2149 gesimo
1874 2072 1887 2142 3
1907 2062 1947 2125 et
1962 2048 2042 2147 ejus
2058 2075 2157 2143 ossa,
2177 2051 2349 2127 ettimuio

1027 2150 1213 2227 lutiribus
1245 2152 1400 2227 monitis
1437 2162 1477 2226 et
1518 2147 1678 2250 pnipriis
1711 2147 1906 2243 extricta,
1939 2147 2100 2248 publice
2125 2152 2347 2225 venerationi

1028 2253 1234 2351 praesertim
1259 2249 1440 2351 exemplis
1464 2247 1676 2324 adtentum
1710 2246 1869 2323 fuerunt
1900 2245 2071 2347 expositu
2086 2249 2130 2323 in
2145 2250 2347 2345 Huniviila,

1025 2351 1299 2451 perfectionem
1330 2351 1478 2440 evexit,
1498 2360 1542 2423 ut
1565 2350 1645 2449 ipse
1662 2404 1675 2441 ,
1710 2340 1860 2421 decimo
1880 2348 2042 2447 septimo
2058 2347 2348 2447 Kalendasque

1026 2464 1152 2551 spreto
1185 2449 1342 2543 seculo,
1362 2451 1403 2523 in
1427 2447 1677 2523 Noviente'nse
1710 2445 1798 2519 dem
1818 2448 1922 2520 unni.
1943 2447 2017 2521 Sed
2046 2470 2163 2523 suusne
2187 2448 2245 2525 hu
2268 2450 2347 2525 ccii·

1026 2548 1297 2625 monastirium
1328 2572 1409 2624 sese
1434 2547 1638 2623 contulerit
1663 2604 1674 2641 ,
1737 2546 1807 2621 uiae
1823 2544 1874 2621 ub
1895 2545 2004 2621 istius
2020 2547 2109 2667 pupi
2131 2547 2262 2624 incolis
2277 2549 2347 2623 Lu·

1027 2647 1092 2722 ubi
1117 2649 1254 2751 dignus
1277 2662 1399 2723 matre
1416 2647 1521 2721 iilius
1546 2645 1676 2722 lauda·
1755 2643 1811 2719 tri
1824 2645 1988 2720 nefirios
2004 2670 2151 2721 ernustes
2163 2646 2345 2747 amplexis,

1027 2747 1153 2823 biiiter
1169 2750 1262 2824 vixit
1278 2760 1317 2823 et
1337 2746 1497 2823 feliciter
1515 2745 1621 2823 obiit.
1709 2768 1812 2819 euno
1838 2744 2039 2821 millesimo
2055 2746 2347 2848 quingentesimo

1258 2846 1387 2921 Lectio
1403 2870 1440 2920 v.
1737 2843 2000 2945 uudnagesimo
2016 2864 2135 2937 nono,
2153 2844 2294 2922 violitae
2308 2869 2346 2919 ac

1021 2956 1216 3133 Onnum
1244 2944 1452 3022 ooeie'stium
1470 2942 1676 3020 charisma·
1709 2868 1886 3042 inpenso
1909 2957 1998 3020 sunt
2015 3001 2028 3039 ,
2043 2942 2207 3021 iciiciter
2228 2958 2345 3021 tomen

1131 3059 1213 3121 tum
1231 3045 1345 3121 laude
1370 3044 1575 3146 procliva,
1600 3046 1674 3117 mi·
1709 3042 1905 3119 asservato
1920 3043 2080 3121 fuirunt
2103 3046 2244 3145 exigue
2266 3068 2346 3119 san-

1025 3145 1229 3220 serictirdia
1257 3158 1386 3221 temen
1420 3146 1460 3219 in
1491 3144 1674 3244 piuperes
1708 3140 1856 3216 uticum
1874 3143 2094 3219 exuviicum
2109 3158 2257 3243 portes,
2297 3166 2345 3217 uae

1024 3244 1164 3319 Hunno
1188 3244 1375 3347 praecipue
1401 3244 1551 3318 enituit.
1572 3245 1674 3338 Quos
1708 3239 1905 3319 Huniviliae
1921 3255 1961 3319 et
1985 3243 2025 3317 in
2042 3243 2211 3319 Eccle'siu
2227 3168 2345 3319 cuiin-

1024 3342 1066 3416 in
1089 3342 1187 3419 aedes
1213 3368 1298 3419 suus
1319 3344 1513 3443 recipere,
1533 3342 1670 3434 solini,
1708 3339 1804 3415 drili
1821 3340 2131 3418 Sancti-Deodu'ti
2151 3342 2345 3418 honorifice

1025 3440 1172 3530 fovere,
1194 3442 1412 3547 largissimis
1429 3442 1673 3543 eleemosynis
1708 3438 1910 3517 recondite
1922 3454 2033 3532 sunt,
2050 3455 2090 3517 et
2104 3444 2173 3543 piae
2189 3441 2343 3517 iide'iiun

1025 3540 1246 3638 sublevire3
1274 3542 1424 3618 eisdem
1450 3544 1674 3644 aegrotintes
1708 3541 1947 3616 venerationi
1960 3543 2213 3642 exponuntur.

1025 3643 1205 3730 insitire,
1239 3646 1369 3717 eorum
1414 3643 1572 3717 vulnera
1612 3643 1672 3719 vel
1754 3645 1797 3716 ln
1823 3647 1876 3745 iij.
1905 3645 2099 3723 Nocturna
2123 3650 2279 3725 Humilia
2307 3651 2340 3722 in

1024 3741 1281 3912 putridissimo
1331 3741 1528 3844 obligirc,
1569 3741 1675 3818 foeda
1702 3744 1846 3846 Evang.
1866 3739 1990 3818 Simile
2027 3754 2085 3816 est
2109 3765 2264 3843 regnum
2281 3763 2345 3813 coe·

1042 3841 1249 3915 inteimina
1272 3841 1399 3916 iavire
1418 3899 1427 3928 ‚
1447 3843 1458 3915 i
1487 3842 1537 3916 sis
1563 3840 1674 3916 de'ni-
1708 3840 2270 3932 iorum,utineodemCom1n.

1026 3963 1101 4059 que
1118 3939 1337 4015 omnimodo
1355 3867 1529 4041 opituiiri
1554 3941 1594 4016 in
1611 3941 1675 4017 de·
1876 3949 1930 4019 De
1951 3949 1989 4020 S.
2013 3950 2187 4027 Clotilde.

1026 4037 1121 4114 liciis
1147 4039 1325 4114 habe'bat.
1345 4039 1571 4116 Monasteriu
1588 4041 1671 4142 piu·
1924 4050 2053 4124 Lectio
2070 4054 2124 4127 ix.

1028 4139 1126 4212 rima
1142 4139 1276 4239 amplis
1289 4138 1399 4214 bonis
1411 4140 1571 4234 ditivit3
1591 4166 1674 4240 quae
1776 4161 1948 4231 touton,
1968 4137 2170 4240 ehitperici
2186 4140 2342 4238 Burgun-

1026 4237 1062 4310 Si
1092 4237 1264 4313 olshsimii
1281 4253 1319 4314 et
1337 4238 1565 4316 Mediaevitlae
1610 4266 1672 4316 os·
1801 4237 1960 4312 ditinum
1988 4239 2101 4340 Regis
2129 4237 2234 4328 iilia,
2290 4246 2342 4308 ost

1026 4263 1471 4438 sitiebatinduespartes
1486 4337 1562 4414 divi
1590 4365 1670 4432 ens,
1708 4337 1907 4435 pure'ntum
1922 4361 2052 4412 necem
2071 4363 2096 4412 u
2161 4261 2342 4412 nuntius·

1026 4459 1104 4510 unu
1120 4436 1371 4512 Noviente'nse
1388 4439 1670 4532 monasterium,
1708 4433 1871 4510 debiido
1887 4437 1989 4536 Rege
2006 4435 2103 4512 educ
2129 4452 2191 4526 ta,
2215 4433 2340 4509 Ciodo·

1026 4534 1146 4610 ultera
1165 4561 1256 4611 vero
1284 4539 1488 4612 iuncturus
1508 4539 1546 4610 in
1577 4539 1673 4615 vaiie
1708 4561 1784 4610 vaeo
1797 4535 2083 4612 adhucethnico
2097 4539 2138 4612 in
2154 4535 2339 4634 conjugem

949 4625 964 4640 “
1027 4631 1186 4710 Gaiiiaeae
1229 4635 1408 4729 donivit,
1442 4651 1481 4712 et
1520 4637 1674 4737 insuper
1709 4636 1846 4710 nediu
1860 4649 1929 4712 est.
1949 4638 2045 4710 Cum
2062 4635 2340 4736 primogenitum

1026 4729 1116 4807 huic
1149 4733 1349 4826 coenobio,
1389 4737 1489 4836 quod
1522 4753 1673 4813 sanctus
1708 4735 1924 4836 peperisset,
1944 4759 2055 4828 eum,
2074 4737 2256 4810 tolerintc
2271 4753 2340 4804 mn·

1025 4833 1215 4908 Deoditus
1229 4835 1429 4910 novissime
1442 4837 1670 4930 extnixerat,
1705 4837 1765 4935 gis
1791 4849 1906 4934 quain
1935 4834 2171 4934 approbunte
2212 4827 2340 4906 Ciodo-

1027 4929 1101 5006 uilia
1136 4933 1275 5032 praedia
1301 4935 1572 5036 Ungershimio
1601 4939 1672 5012 sito
1706 4959 1805 5027 vaeo,
1833 4934 2012 5034 buptiziri
2040 4935 2164 5033 jussit.
2184 4933 2263 5027 Quo
2286 4929 2340 5000 in·

1026 5033 1204 5108 munifice
1219 5033 1389 5109 contulit.
1706 5034 1813 5110 sinte
1825 5035 1865 5108 in
1883 5034 1979 5109 albis
1993 5034 2188 5123 defuncto,
2201 5030 2237 5104 id
2251 5050 2339 5127 aegrc

1237 5149 1366 5223 Lecpi0
1382 5151 1433 5250 vj,
1705 5132 1911 5210 idmodum
1939 5134 2026 5210 tulit
2055 5133 2282 5217 clodoveus,
2300 5148 2339 5196 ac

1106 5257 1200 5307 nunu
1219 5233 1420 5310 sanctitite
1441 5235 1668 5335 conspicua,
1706 5232 1891 5334 baptismo
1923 5233 2148 5333 imput‘ivit,
2183 5231 2339 5305 isserens

1017 5255 1228 5498 phonis
1248 5332 1425 5432 operibus
1442 5334 1566 5434 plena,
1584 5335 1671 5435 igne
1705 5333 1796 5420 deos
1827 5333 1968 5435 pitrios
2001 5332 2053 5408 ob
2093 5331 2236 5408 contem
2266 5338 2337 5437 tum

1055 5427 1160 5504 ivinae
1194 5430 1387 5508 charititis
1421 5433 1669 5533 consumpta,
1705 5436 1761 5508 sui
1777 5433 1945 5508 miminis
1972 5429 2196 5523 irttos‚sibi
2239 5425 2337 5536 titum

1025 5527 1179 5626 cupiens
1214 5531 1362 5605 dissolvi
1388 5547 1428 5607 et
1468 5557 1546 5607 esse
1582 5559 1669 5608 cum
1706 5534 1895 5634 eripuisse.
1913 5531 1963 5608 Αῑ
1976 5533 2039 5608 illo
2059 5559 2068 5607 ε
2089 5535 2179 5620 Deo,
2198 5527 2365 5637 inqtnia'

1026 5625 1202 5724 Christo,
1242 5632 1418 5732 migrzivit
1458 5633 1499 5706 in
1542 5632 1664 5708 coeios.
1705 5630 2160 5736 omnipotinti‚Crent6ri
2178 5629 2334 5702 omnium
