5325 7200
1265 893 1272 898 -
1289 892 1808 899 -————--—--—————--——
1831 894 2035 902 ——-—--
2048 897 2074 905 -n

684 982 1163 994 ——-——-—————

731 1115 786 1176 36*
1285 1131 1405 1175 runnnu
1433 1131 1622 1176 caunmnuu.

782 1247 871 1324 PRO
891 1247 1137 1324 FRUCTIBUS
1160 1246 1336 1321 TERRAE.

1000 1353 1132 1427 Oratio.

791 1485 932 1552 munna,
998 1459 1205 1558 quaesumusl
1259 1460 1405 1533 deine

813 1569 904 1640 Deus
918 1575 1047 1652 noster,
1064 1567 1336 1642 benedictionem
1352 1575 1404 1639 tu·

727 1695 783 1746 am
810 1699 913 1770 super
942 1675 1109 1771 populum
1135 1684 1257 1760 tuum;
1291 1682 1339 1762 ut,
1370 1681 1404 1747 et

726 1778 830 1853 dante
850 1789 882 1853 te
900 1781 1156 1879 benignitatem,
1177 1791 1268 1854 terra
1285 1787 1403 1853 nostro

725 1885 783 1960 det
797 1887 930 1961 iructus
944 1913 1039 1974 suos,
1060 1897 1094 1960 et
1113 1889 1168 1960 bis
1185 1888 1338 1960 collectis
1358 1887 1401 1960 ad

723 1992 863 2068 laudem
885 2004 917 2068 et
941 1996 1110 2070 bonorem
1133 1995 1241 2068 sancti
1268 1995 1317 2066 tui
1344 1995 1402 2068 nd

722 2100 827 2172 minis
842 2101 995 2174 utamur.
1012 2101 1077 2173 Per
1089 2101 1290 2173 Dominum.

979 2221 1134 2290 Secreto.

789 2344 855 2395 om
875 2320 993 2418 populi
1015 2323 1078 2407 tui,
1101 2322 1260 2407 Domine,
1285 2322 1399 2417 propi·

719 2356 784 2518 V
814 2429 882 2501 tius
894 2429 1024 2525 respice
1045 2457 1053 2500 ι
1073 2437 1112 2501 ut
1130 2451 1191 2524 per
1210 2429 1286 2500 baec
1305 2426 1397 2500 dona

1340 2599 2180 2630 mm*
2287 2574 2291 2745 t

2239 888 2303 1185 tl

1507 1271 1586 1345 quae
1609 1247 1666 1320 tibi
1690 1247 1733 1322 de
1755 1248 1923 1324 lrdctibus
1947 1259 2048 1325 terrae
2073 1254 2186 1328 0tteri-
2288 1232 2299 1359 l¹

1509 1377 1599 1483 mus,
1622 1355 1799 1476 fructuum
1815 1357 1912 1430 nobis
1925 1357 2115 1479 ubertatem
2128 1383 2186 1434 sa-
2287 1376 2299 1499 p

1508 1462 1651 1536 lubnter
1665 1462 1829 1561 largrdrrs.
1850 1465 1914 1537 Per
1929 1465 2129 1538 demum.
2235 1460 2239 1591 l

1696 1573 1989 1644 Postcommuoio.

1506 1700 1691 1859 Lauerna
1708 1677 1868 1751 fluetibus
1884 1679 1963 1771 tuis,
1983 1703 2182 1776 quaesumus
2233 1704 2237 1775 Ι

1592 1787 1809 1882 omnipotens
1829 1785 1932 1873 Deus,
1956 1809 2017 1881 per
2038 1788 2113 1859 baec
2131 1810 2182 1860 sa·
2233 1814 2236 1917 p
2293 1846 2295 1867 .

1505 1897 1680 1965 eramenta
1719 1915 1797 1990 qum
1838 1893 2059 1987 sumpsimus,
2103 1895 2181 1965 odn-

1503 2021 1625 2096 gruam
1654 1989 1752 2072 ter'rae
1774 1999 1950 2070 irdctuum
1968 1999 2175 2084 ubertatem
2232 2022 2234 2051 ¹
2283 2026 2285 2079 t

1503 2106 1628 2202 quibus
1671 2107 1903 2202 temporaliter
1939 2107 2092 2194 enutriti,
2134 2107 2177 2179 ad
2231 2060 2234 2177 l
2282 2120 2285 2219 ς

1502 2218 1631 2284 aeterna
1657 2211 1746 2286 bona
1769 2211 1976 2308 capessenda
1997 2213 2180 2308 spirltudli·
2231 2196 2233 2219 ¹
2282 2204 2293 2337 pl

1501 2317 1565 2392 bus
1585 2320 1804 2394 incrementis
1822 2320 2016 2416 proficiant.
2035 2321 2101 2393 Per
2113 2321 2179 2394 Db
2281 2370 2292 2569 p

1500 2449 1648 2499 minum.
2280 2450 2283 2495 t

1072 2755 1345 2861 IMPERII
1382 2753 1812 2864 GALLIARUM.
2228 2782 2230 2865 t
2279 2789 2290 2854 l

786 3108 852 3159 uon
871 3085 1053 3182 Apostolus
1075 3088 1111 3159 in
1136 3087 1249 3184 prima
1274 3087 1318 3160 ad
1342 3089 1395 3162 Ti·

715 3103 785 3304 Q
810 3193 992 3266 motbeum
1015 3193 1168 3288 Epistola
1188 3217 1258 3267 non
1281 3194 1395 3267 horta·

713 3299 914 3383 luceolum,
936 3300 993 3374 sed
1015 3300 1184 3387 obsecrat,
1211 3308 1250 3374 ut
1268 3302 1392 3375 orati0·

712 3433 786 3497 nes,
804 3408 1062 3503 postulationes,
1077 3409 1266 3506 gratiarum
1282 3407 1389 3481 actio-

713 3541 773 3593 nes
796 3517 881 3592 fiant
908 3543 969 3616 pro
996 3521 1145 3619 Regibus
1169 3529 1203 3593 et
1228 3519 1391 3593 omnibus

711 3627 771 3723 qui
791 3625 827 3697 in
845 3626 1056 3700 sublimitate
1070 3634 1164 3711 sunt,
1180 3625 1223 3699 ad
1237 3627 1391 3723 quietam

713 3744 748 3807 et
760 3735 982 3831 tranquillam
995 3736 1097 3807 vitam
1110 3736 1145 3806 in
1161 3736 1256 3807 omni
1268 3734 1391 3829 pietate

711 3849 747 3914 et
768 3844 925 3915 castitate
947 3842 1136 3939 agendam;
1164 3840 1199 3913 id
1224 3842 1393 3915 Summus

712 3947 870 4021 Pontifex
908 3949 1070 4023 Clemens
1104 3948 1194 4021 lllll.
1236 3948 1393 4043 religiose

711 4054 798 4127 adeo
825 4055 1042 4153 fideliterque
1063 4056 1246 4129 retinuisse
1271 4053 1393 4127 Eccle-

711 4161 797 4233 siam
818 4161 1033 4237 Catholicam
1051 4162 1165 4249 docet,
1185 4168 1224 4234 ut
1238 4162 1394 4257 omnipo-

711 4268 795 4341 tenti
811 4268 897 4355 lleo,
916 4294 976 4366 per
990 4293 1096 4367 quem
1110 4271 1219 4366 Reges
1233 4276 1390 4365 regnant,

711 4380 745 4447 et
778 4373 894 4472 legum
926 4376 1122 4449 conditores
1152 4377 1247 4471 justa
1281 4374 1395 4447 decer·

712 4487 814 4566 nunt,
850 4480 1068 4555 sublimiores
1101 4482 1290 4553 Potestates
1322 4482 1393 4577 ipse

712 4608 782 4659 non
806 4588 1100 4661 commendaverit
1123 4586 1242 4673 modo,
1273 4610 1393 4660 rerum

710 4692 814 4764 etiam
836 4694 974 4789 propria
993 4693 1226 4790 quarumdam
1250 4694 1395 4765 nomina

711 4798 802 4871 Infra
826 4800 937 4873 llissae
960 4802 1131 4873 actionem
1156 4798 1261 4871 sacris
1287 4799 1323 4870 in
1346 4799 1395 4871 di-

613 4933 616 5006 t
711 4906 848 5001 ptychis
872 4907 1009 4981 recitari
1033 4907 1239 5003 permiserit,
1260 4928 1395 4979 earum·

710 5034 778 5107 que
798 5014 981 5110 regionum
1002 5012 1270 5086 consuetudines
1293 5036 1395 5085 num·

613 5201 616 5234 Ι
711 5140 818 5213 quam
845 5120 1102 5215 improbaverit,
1137 5120 1173 5191 in
1206 5117 1332 5213 quibus
1357 5118 1392 5191 id

605 5237 616 5308 5:
713 5246 811 5297 more
829 5226 1067 5321 antiquissimo
1089 5231 1266 5319 receptum
1290 5225 1392 5298 luisse

713 5336 898 5415 constaret,
931 5330 1124 5403 dummodo
1161 5327 1204 5401 de
1242 5329 1393 5426 Regibus

711 5444 871 5533 ageretur
901 5438 960 5532 qui
991 5439 1151 5533 spiritum
1183 5436 1325 5507 unitatis
1356 5440 1391 5511 in

604 5563 615 5638 ξ.
711 5542 849 5615 viuculo
863 5544 957 5638 pacis
971 5568 1051 5616 cum
1067 5540 1218 5615 Ecclesia
1235 5542 1392 5617 Romana

603 5653 607 5818 p
709 5656 896 5721 servarent.
923 5646 1105 5743 (Clemens
1125 5648 1216 5719 XIII.
1238 5647 1276 5718 in
1293 5650 1393 5723 Brevi

709 5756 830 5828 bMoii
847 5761 954 5843 tibt,
973 5756 1021 5829 od
1043 5752 1304 5854 tmprrotn'cem
1321 5760 1393 5829 Mo-

601 5843 605 5986 l
707 5862 798 5935 riam
818 5862 1027 5948 Therasiam,
1040 5880 1072 5937 et
1085 5860 1269 5937 intineris
1282 5866 1392 5961 Enop

599 6033 603 6174 ι
652 5937 658 6184 I
706 5962 1101 6063 cliciadicidcp'usdem
1119 5964 1302 6041 menaiaod
1317 5994 1390 6043 om-

1497 3113 1558 3164 ues
1579 3091 1767 3164 Austriocoe
1786 3089 1924 3162 ditionis
1945 3087 2174 3186 Epi-scopos.)
2227 3102 2229 3227 p

1547 3197 1633 3272 Cum
1651 3200 1765 3296 itaque
1779 3197 1969 3271 Galilarum
1986 3195 2175 3288 Imperator
2226 3238 2229 3317 p
2286 3274 2289 3299 Ι

1497 3301 1678 3399 Napole'on
1693 3308 1756 3384 111,
1772 3329 1832 3402 per
1846 3327 1948 3376 suum
1960 3303 1995 3374 in
2012 3299 2102 3375 Urbe
2117 3301 2175 3374 Le·
2285 3319 2289 3405 j

1496 3419 1613 3507 gatum
1628 3411 1709 3485 buic
1726 3414 1862 3486 Sanctae
1878 3408 2079 3506 Apostolicae
2093 3405 2174 3480 Sedi
2277 3402 2280 3417 '

1496 3519 1621 3615 erponi
1653 3543 1763 3617 nuper
1796 3518 1926 3601 iecerit,
1958 3511 2175 3589 consuetudi·

1496 3650 1576 3698 nem
1609 3626 1699 3699 banc
1728 3624 1930 3701 nominandi
1961 3624 2172 3718 Supremum

1495 3730 1726 3829 imperantem
1741 3734 1776 3806 in
1793 3734 1901 3805 llissae
1922 3730 2062 3803 Conone
2080 3750 2100 3801 a
2123 3750 2173 3801 ve

1497 3840 1681 3912 tustissimo
1712 3847 1877 3935 tempore,
1907 3838 2007 3932 cujus
2034 3834 2174 3932 origiuIs
2285 3765 2287 3810 l

2273 4699 2275 4736 l

2286 2879 2290 3121 l

2277 3198 2280 3345 t

1498 3948 1665 4021 memoria
1689 3972 1758 4021 non
1785 3956 1848 4035 est,
1881 3948 1916 4018 in
1946 3942 2065 4016 Galliis
2090 3941 2174 4016 obti-

1498 4056 1624 4141 nuisse,
1658 4078 1860 4151 moremque
1889 4058 2055 4149 praeterea
2086 4048 2174 4121 anti·

1498 4162 1615 4257 quitus
1642 4160 1877 4234 introductum
1907 4157 2033 4231 ibidem
2062 4156 2173 4253 vigere

1498 4291 1560 4364 pro
1578 4268 1699 4341 eodem
1716 4269 1886 4363 Supremo
1900 4267 2093 4361 Imperante
2108 4262 2175 4334 sin·

1497 4375 1634 4473 gulares
1671 4398 1788 4471 preces
1825 4370 1986 4461 addendi,
2026 4376 2100 4441 tum
2138 4368 2173 4439 in

1497 4481 1605 4553 Missis
1633 4480 1900 4555 solemnioribus
1932 4500 1993 4573 per
2026 4495 2170 4565 annum,

1498 4610 1632 4660 necnon
1662 4588 1696 4659 in
1733 4588 1833 4661 Missa
1868 4580 2174 4657 Praesanctificato-

1498 4717 1589 4778 rum,
1602 4694 1766 4767 FeriaVl.
1786 4694 1818 4765 in
1834 4692 2032 4773 Parasceve,
2048 4696 2122 4759 tum
2136 4687 2172 4758 in

1497 4798 1674 4875 Praeconio
1717 4798 1888 4883 Pascbali,
1932 4796 1987 4869 die
2032 4792 2172 4868 Sabbati

1497 4906 1628 4996 Sancti,
1659 4914 1762 5005 atque
1793 4908 1828 4979 in
1856 4904 1999 4979 Litaniis
2031 4902 2174 4975 Sancto·

1497 5035 1589 5099 rum,
1622 5014 1834 5110 cupiensque
1866 5012 1940 5109 pios
1971 5005 2171 5105 hujusmodi

1498 5142 1578 5191 usus
1616 5120 1650 5190 in
1692 5126 1762 5192 totu
1800 5118 1989 5191 Galliarum
2025 5112 2172 5209 Imperio

1495 5224 1678 5314 custodiri,
1708 5232 1742 5298 et
1768 5224 1961 5321 ApostolIca
1989 5220 2173 5294 accedente

1496 5334 1698 5405 auctoritate
1718 5331 1954 5405 omnimodam
1973 5326 2173 5401 firmitatem
2272 5355 2283 5428 '2

1496 5440 1662 5535 accipere,
1687 5462 1767 5511 cum
1787 5436 1955 5535 supplicia
1984 5436 2049 5507 bac
2070 5432 2113 5505 de
2136 5456 2174 5505 re

1497 5554 1573 5619 uota
1587 5569 1648 5618 sua
1663 5570 1722 5641 per
1735 5528 2075 5638 eumdem⁰Legatum
2090 5540 2176 5613 San·
2271 5597 2274 5618 .

1495 5648 2172 5745 ctissimullominonostroPiol'opoelX.
2279 5607 2282 5746 l

1496 5760 1612 5835 lecerit
1624 5760 1794 5849 exbiberi,
1810 5760 1980 5833 Sanctitas
1993 5756 2077 5839 Sua,
2096 5760 2174 5849 post
2271 5723 2281 5818 l

1498 5876 1668 5941 maturam
1687 5867 1983 5949 deliberationem,
2000 5862 2175 5936 Romano·
2271 5853 2281 5956 l

1495 5997 1574 6047 rum
1605 5974 1814 6048 Poutilicum
1844 5972 2062 6046 decessorum
2097 5990 2175 6041 suo-

2282 4505 2284 4516 t

2282 4537 2283 4556 l

2281 4975 2282 4986 t

2280 5075 2282 5096 l

2279 5181 2282 5198 Ι

971 6174 1138 6183 ..—-———--—
1153 6176 1300 6183 -—--—
1313 6176 1356 6182 .—
1375 6176 1608 6183 -.—..—.-——.-
1623 6176 1737 6182 ———

597 6253 1306 6293 Γ-”““-““;;;·.·;;τ---
1286 6270 1374 6291 -,;-
1397 6270 1471 6274 -·-
1504 6269 1527 6274 -
1546 6268 1564 6274 ··
