<?xml version="1.0" encoding="UTF-8"?>
<!DOCTYPE html PUBLIC "-//W3C//DTD XHTML 1.0 Transitional//EN"
    "http://www.w3.org/TR/xhtml1/DTD/xhtml1-transitional.dtd">
<html xmlns="http://www.w3.org/1999/xhtml" xml:lang="en" lang="en">
 <head>
  <title>
</title>
<meta http-equiv="Content-Type" content="text/html;charset=utf-8" />
  <meta name='ocr-system' content='tesseract 3.04.00' />
  <meta name='ocr-capabilities' content='ocr_page ocr_carea ocr_par ocr_line ocrx_word'/>
</head>
<body>
  <div class='ocr_page' id='page_1' title='image "./officiapropriad00churgoog_0484.png"; bbox 0 0 5325 7200; ppageno 0'>
   <div class='ocr_carea' id='block_1_1' title="bbox 541 819 2123 927">
    <p class='ocr_par' dir='ltr' id='par_1_1' title="bbox 541 819 2123 927">
     <span class='ocr_line' id='line_1_1' title="bbox 541 819 2123 927; baseline 0.004 -29"><span class='ocrx_word' id='word_1_1' title='bbox 541 825 568 898; x_wconf 87' lang='lat'><strong>8</strong></span> <span class='ocrx_word' id='word_1_2' title='bbox 692 821 767 900; x_wconf 88' lang='lat' dir='ltr'><strong>Die</strong></span> <span class='ocrx_word' id='word_1_3' title='bbox 781 822 915 923; x_wconf 77' lang='lat' dir='ltr'><strong>xxviij.</strong></span> <span class='ocrx_word' id='word_1_4' title='bbox 931 825 1026 926; x_wconf 80' lang='lat' dir='ltr'><strong>Apr.</strong></span> <span class='ocrx_word' id='word_1_5' title='bbox 1049 823 1077 900; x_wconf 83' lang='lat' dir='ltr'>F</span> <span class='ocrx_word' id='word_1_6' title='bbox 1079 843 1132 902; x_wconf 92' lang='lat' dir='ltr'><strong>er.</strong></span> <span class='ocrx_word' id='word_1_7' title='bbox 1148 824 1195 924; x_wconf 88' lang='lat' dir='ltr'><strong>vj.</strong></span> <span class='ocrx_word' id='word_1_8' title='bbox 1214 829 1306 926; x_wconf 90' lang='lat' dir='ltr'><strong>post</strong></span> <span class='ocrx_word' id='word_1_9' title='bbox 1321 821 1440 902; x_wconf 88' lang='lat' dir='ltr'><strong>Dom.</strong></span> <span class='ocrx_word' id='word_1_10' title='bbox 1459 821 1500 900; x_wconf 94' lang='lat' dir='ltr'><strong>in</strong></span> <span class='ocrx_word' id='word_1_11' title='bbox 1515 819 1606 901; x_wconf 81' lang='lat' dir='ltr'><strong>Alb.</strong></span> <span class='ocrx_word' id='word_1_12' title='bbox 1625 833 1664 904; x_wconf 91' lang='lat' dir='ltr'><strong>et</strong></span> <span class='ocrx_word' id='word_1_13' title='bbox 1682 823 1799 905; x_wconf 84' lang='lat' dir='ltr'><strong>Dom.</strong></span> <span class='ocrx_word' id='word_1_14' title='bbox 1819 827 1861 926; x_wconf 81' lang='lat' dir='ltr'><strong>ij.</strong></span> <span class='ocrx_word' id='word_1_15' title='bbox 1877 835 1968 927; x_wconf 86' lang='lat' dir='ltr'><strong>post</strong></span> <span class='ocrx_word' id='word_1_16' title='bbox 1986 827 2123 910; x_wconf 80' lang='lat' dir='ltr'><strong>resch.</strong></span> 
     </span>
    </p>
   </div>
   <div class='ocr_carea' id='block_1_2' title="bbox 545 972 1371 1182">
    <p class='ocr_par' dir='ltr' id='par_1_2' title="bbox 545 972 1371 1182">
     <span class='ocr_line' id='line_1_2' title="bbox 545 972 1370 1086; baseline 0.021 -35"><span class='ocrx_word' id='word_1_17' title='bbox 545 973 588 1051; x_wconf 95' lang='lat' dir='ltr'><strong>in</strong></span> <span class='ocrx_word' id='word_1_18' title='bbox 615 972 781 1055; x_wconf 91' lang='lat' dir='ltr'><strong>domum</strong></span> <span class='ocrx_word' id='word_1_19' title='bbox 800 999 939 1078; x_wconf 86' lang='lat' dir='ltr'><strong>suum,</strong></span> <span class='ocrx_word' id='word_1_20' title='bbox 959 987 1000 1058; x_wconf 93' lang='lat' dir='ltr'><strong>et</strong></span> <span class='ocrx_word' id='word_1_21' title='bbox 1020 981 1115 1061; x_wconf 88' lang='lat' dir='ltr'><strong>huic</strong></span> <span class='ocrx_word' id='word_1_22' title='bbox 1133 992 1216 1065; x_wconf 86' lang='lat' dir='ltr'><strong>erut</strong></span> <span class='ocrx_word' id='word_1_23' title='bbox 1243 1007 1370 1086; x_wconf 91' lang='lat' dir='ltr'><strong>soror,</strong></span> 
     </span>
     <span class='ocr_line' id='line_1_3' title="bbox 545 1073 1371 1182; baseline 0.023 -30"><span class='ocrx_word' id='word_1_24' title='bbox 545 1073 709 1154; x_wconf 91' lang='lat' dir='ltr'><strong>nomine</strong></span> <span class='ocrx_word' id='word_1_25' title='bbox 735 1076 879 1177; x_wconf 81' lang='lat' dir='ltr'><strong>lieris,</strong></span> <span class='ocrx_word' id='word_1_26' title='bbox 898 1101 988 1182; x_wconf 83' lang='lat' dir='ltr'><strong>quae</strong></span> <span class='ocrx_word' id='word_1_27' title='bbox 1006 1080 1125 1160; x_wconf 84' lang='lat' dir='ltr'><strong>otium</strong></span> <span class='ocrx_word' id='word_1_28' title='bbox 1151 1086 1294 1168; x_wconf 90' lang='lat' dir='ltr'><strong>sedens</strong></span> <span class='ocrx_word' id='word_1_29' title='bbox 1313 1113 1371 1170; x_wconf 85' lang='lat' dir='ltr'><strong>se-</strong></span> 
     </span>
    </p>
   </div>
   <div class='ocr_carea' id='block_1_3' title="bbox 542 1169 1376 2458">
    <p class='ocr_par' dir='ltr' id='par_1_3' title="bbox 542 1169 1375 2358">
     <span class='ocr_line' id='line_1_4' title="bbox 544 1169 1371 1285; baseline 0.019 -27"><span class='ocrx_word' id='word_1_30' title='bbox 544 1203 616 1259; x_wconf 92' lang='lat' dir='ltr'><strong>cus</strong></span> <span class='ocrx_word' id='word_1_31' title='bbox 642 1169 765 1284; x_wconf 83' lang='lat' dir='ltr'><strong>pedes</strong></span> <span class='ocrx_word' id='word_1_32' title='bbox 784 1183 964 1285; x_wconf 88' lang='lat' dir='ltr'><strong>Domini,</strong></span> <span class='ocrx_word' id='word_1_33' title='bbox 991 1188 1180 1270; x_wconf 83' lang='lat' dir='ltr'><strong>audiebat</strong></span> <span class='ocrx_word' id='word_1_34' title='bbox 1205 1196 1371 1276; x_wconf 84' lang='lat' dir='ltr'><strong>verbum</strong></span> 
     </span>
     <span class='ocr_line' id='line_1_5' title="bbox 545 1285 1372 1401; baseline 0.027 -39"><span class='ocrx_word' id='word_1_35' title='bbox 545 1285 665 1367; x_wconf 90' lang='lat' dir='ltr'><strong>illius.</strong></span> <span class='ocrx_word' id='word_1_36' title='bbox 682 1287 840 1369; x_wconf 78' lang='lat' dir='ltr'>Martha</span> <span class='ocrx_word' id='word_1_37' title='bbox 866 1299 999 1371; x_wconf 86' lang='lat' dir='ltr'><strong>nutem</strong></span> <span class='ocrx_word' id='word_1_38' title='bbox 1031 1298 1236 1401; x_wconf 77' lang='lat' dir='ltr'><strong>satagebat</strong></span> <span class='ocrx_word' id='word_1_39' title='bbox 1264 1303 1372 1384; x_wconf 81' lang='lat' dir='ltr'><strong>circa</strong></span> 
     </span>
     <span class='ocr_line' id='line_1_6' title="bbox 545 1393 1371 1508; baseline 0.03 -38"><span class='ocrx_word' id='word_1_40' title='bbox 545 1393 732 1500; x_wconf 78' lang='lat' dir='ltr'><strong>frequens</strong></span> <span class='ocrx_word' id='word_1_41' title='bbox 771 1397 1038 1482; x_wconf 86' lang='lat' dir='ltr'><strong>ministorium</strong></span> <span class='ocrx_word' id='word_1_42' title='bbox 1070 1433 1079 1483; x_wconf 93' lang='lat'><strong>:</strong></span> <span class='ocrx_word' id='word_1_43' title='bbox 1112 1429 1203 1508; x_wconf 78' lang='lat' dir='ltr'><strong>qum</strong></span> <span class='ocrx_word' id='word_1_44' title='bbox 1237 1413 1371 1508; x_wconf 86' lang='lat' dir='ltr'><strong>stetit,</strong></span> 
     </span>
     <span class='ocr_line' id='line_1_7' title="bbox 544 1503 1372 1622; baseline 0.024 -40"><span class='ocrx_word' id='word_1_45' title='bbox 544 1510 586 1582; x_wconf 92' lang='lat' dir='ltr'><strong>et</strong></span> <span class='ocrx_word' id='word_1_46' title='bbox 614 1503 671 1584; x_wconf 89' lang='lat' dir='ltr'><strong>uit</strong></span> <span class='ocrx_word' id='word_1_47' title='bbox 692 1533 702 1579; x_wconf 73' lang='grc' dir='ltr'><strong><em>ε</em></strong></span> <span class='ocrx_word' id='word_1_48' title='bbox 723 1504 920 1604; x_wconf 86' lang='lat' dir='ltr'><strong>Domine,</strong></span> <span class='ocrx_word' id='word_1_49' title='bbox 948 1531 1029 1590; x_wconf 94' lang='lat' dir='ltr'><strong>non</strong></span> <span class='ocrx_word' id='word_1_50' title='bbox 1060 1521 1121 1592; x_wconf 88' lang='lat' dir='ltr'><strong>est</strong></span> <span class='ocrx_word' id='word_1_51' title='bbox 1146 1515 1221 1594; x_wconf 90' lang='lat' dir='ltr'><strong>tihi</strong></span> <span class='ocrx_word' id='word_1_52' title='bbox 1246 1541 1372 1622; x_wconf 87' lang='lat' dir='ltr'><strong>curae,</strong></span> 
     </span>
     <span class='ocr_line' id='line_1_8' title="bbox 544 1607 1372 1720; baseline 0.022 -31"><span class='ocrx_word' id='word_1_53' title='bbox 544 1607 657 1712; x_wconf 89' lang='lat' dir='ltr'><strong>quod</strong></span> <span class='ocrx_word' id='word_1_54' title='bbox 682 1631 799 1692; x_wconf 91' lang='lat' dir='ltr'><strong>soror</strong></span> <span class='ocrx_word' id='word_1_55' title='bbox 829 1635 918 1693; x_wconf 83' lang='lat' dir='ltr'><strong>men</strong></span> <span class='ocrx_word' id='word_1_56' title='bbox 950 1617 1112 1720; x_wconf 87' lang='lat' dir='ltr'><strong>reliquit</strong></span> <span class='ocrx_word' id='word_1_57' title='bbox 1142 1645 1206 1702; x_wconf 88' lang='lat' dir='ltr'><strong>me</strong></span> <span class='ocrx_word' id='word_1_58' title='bbox 1243 1626 1372 1706; x_wconf 90' lang='lat' dir='ltr'><strong>solum</strong></span> 
     </span>
     <span class='ocr_line' id='line_1_9' title="bbox 545 1718 1374 1828; baseline 0.025 -33"><span class='ocrx_word' id='word_1_59' title='bbox 545 1718 802 1806; x_wconf 80' lang='lat' dir='ltr'><strong>ministrore?</strong></span> <span class='ocrx_word' id='word_1_60' title='bbox 827 1720 894 1801; x_wconf 89' lang='lat' dir='ltr'><strong>dic</strong></span> <span class='ocrx_word' id='word_1_61' title='bbox 920 1746 1014 1828; x_wconf 76' lang='lat' dir='ltr'><strong>ergo</strong></span> <span class='ocrx_word' id='word_1_62' title='bbox 1042 1728 1122 1828; x_wconf 92' lang='lat' dir='ltr'><strong>illi,</strong></span> <span class='ocrx_word' id='word_1_63' title='bbox 1156 1741 1199 1809; x_wconf 89' lang='lat' dir='ltr'><strong>ut</strong></span> <span class='ocrx_word' id='word_1_64' title='bbox 1226 1756 1288 1814; x_wconf 90' lang='lat' dir='ltr'><strong>me</strong></span> <span class='ocrx_word' id='word_1_65' title='bbox 1305 1737 1374 1814; x_wconf 79' lang='lat' dir='ltr'><strong>td-</strong></span> 
     </span>
     <span class='ocr_line' id='line_1_10' title="bbox 542 1826 1373 1931; baseline 0.026 -28"><span class='ocrx_word' id='word_1_66' title='bbox 542 1826 665 1925; x_wconf 80' lang='lat' dir='ltr'><strong>juvet.</strong></span> <span class='ocrx_word' id='word_1_67' title='bbox 706 1829 753 1908; x_wconf 79' lang='lat' dir='ltr'><strong>ut</strong></span> <span class='ocrx_word' id='word_1_68' title='bbox 786 1829 1037 1931; x_wconf 88' lang='lat' dir='ltr'><strong>respondens</strong></span> <span class='ocrx_word' id='word_1_69' title='bbox 1064 1836 1165 1918; x_wconf 85' lang='lat' dir='ltr'><strong>dixit</strong></span> <span class='ocrx_word' id='word_1_70' title='bbox 1200 1841 1258 1920; x_wconf 93' lang='lat' dir='ltr'><strong>illi</strong></span> <span class='ocrx_word' id='word_1_71' title='bbox 1290 1845 1373 1924; x_wconf 91' lang='lat' dir='ltr'><strong>Do·</strong></span> 
     </span>
     <span class='ocr_line' id='line_1_11' title="bbox 547 1932 1373 2050; baseline 0.025 -40"><span class='ocrx_word' id='word_1_72' title='bbox 547 1932 680 2014; x_wconf 90' lang='lat' dir='ltr'><strong>minus</strong></span> <span class='ocrx_word' id='word_1_73' title='bbox 695 1963 704 2013; x_wconf 77' lang='lat' dir='ltr'><strong><em>z</em></strong></span> <span class='ocrx_word' id='word_1_74' title='bbox 722 1934 896 2036; x_wconf 80' lang='lat' dir='ltr'><strong>Martha,</strong></span> <span class='ocrx_word' id='word_1_75' title='bbox 923 1940 1099 2042; x_wconf 83' lang='lat' dir='ltr'><strong>Martha,</strong></span> <span class='ocrx_word' id='word_1_76' title='bbox 1126 1949 1373 2050; x_wconf 75' lang='lat' dir='ltr'><strong>sollicitans,</strong></span> 
     </span>
     <span class='ocr_line' id='line_1_12' title="bbox 545 2040 1373 2148; baseline 0.028 -32"><span class='ocrx_word' id='word_1_77' title='bbox 545 2049 586 2118; x_wconf 86' lang='lat' dir='ltr'><strong>et</strong></span> <span class='ocrx_word' id='word_1_78' title='bbox 598 2040 773 2120; x_wconf 82' lang='lat' dir='ltr'><strong>turboris</strong></span> <span class='ocrx_word' id='word_1_79' title='bbox 791 2065 884 2145; x_wconf 83' lang='lat' dir='ltr'><strong>erga</strong></span> <span class='ocrx_word' id='word_1_80' title='bbox 900 2046 1086 2148; x_wconf 83' lang='lat' dir='ltr'><strong>plorima.</strong></span> <span class='ocrx_word' id='word_1_81' title='bbox 1107 2052 1231 2136; x_wconf 90' lang='lat' dir='ltr'><strong>Porro</strong></span> <span class='ocrx_word' id='word_1_82' title='bbox 1249 2081 1373 2137; x_wconf 91' lang='lat' dir='ltr'><strong>unum</strong></span> 
     </span>
     <span class='ocr_line' id='line_1_13' title="bbox 546 2147 1375 2268; baseline 0.029 -46"><span class='ocrx_word' id='word_1_83' title='bbox 546 2154 607 2226; x_wconf 86' lang='lat' dir='ltr'><strong>est</strong></span> <span class='ocrx_word' id='word_1_84' title='bbox 625 2147 905 2229; x_wconf 84' lang='lat' dir='ltr'><strong>neeessorium.</strong></span> <span class='ocrx_word' id='word_1_85' title='bbox 932 2153 1059 2234; x_wconf 83' lang='lat' dir='ltr'><strong>llurln</strong></span> <span class='ocrx_word' id='word_1_86' title='bbox 1077 2155 1271 2260; x_wconf 86' lang='lat' dir='ltr'><strong>optimum</strong></span> <span class='ocrx_word' id='word_1_87' title='bbox 1287 2189 1375 2268; x_wconf 86' lang='lat' dir='ltr'><strong>per·</strong></span> 
     </span>
     <span class='ocr_line' id='line_1_14' title="bbox 548 2251 1373 2358; baseline 0.021 -23"><span class='ocrx_word' id='word_1_88' title='bbox 548 2264 627 2335; x_wconf 88' lang='lat' dir='ltr'><strong>tem</strong></span> <span class='ocrx_word' id='word_1_89' title='bbox 654 2251 792 2356; x_wconf 82' lang='lat' dir='ltr'><strong>elogit,</strong></span> <span class='ocrx_word' id='word_1_90' title='bbox 810 2279 997 2358; x_wconf 81' lang='lat' dir='ltr'><strong>qnaenon</strong></span> <span class='ocrx_word' id='word_1_91' title='bbox 1023 2264 1289 2350; x_wconf 78' lang='lat' dir='ltr'><strong>aufereturnlr</strong></span> <span class='ocrx_word' id='word_1_92' title='bbox 1314 2296 1373 2352; x_wconf 89' lang='lat' dir='ltr'><strong>eu.</strong></span> 
     </span>
    </p>

    <p class='ocr_par' dir='ltr' id='par_1_4' title="bbox 604 2365 1376 2458">
     <span class='ocr_line' id='line_1_15' title="bbox 604 2365 1376 2458; baseline 0.017 -12"><span class='ocrx_word' id='word_1_93' title='bbox 604 2365 877 2448; x_wconf 72' lang='lat' dir='ltr'><strong>offertorium.</strong></span> <span class='ocrx_word' id='word_1_94' title='bbox 909 2369 1023 2450; x_wconf 75' lang='lat' dir='ltr'><strong>l&#39;ror.</strong></span> <span class='ocrx_word' id='word_1_95' title='bbox 1058 2379 1117 2450; x_wconf 69' lang='lat' dir='ltr'><strong>ol.</strong></span> <span class='ocrx_word' id='word_1_96' title='bbox 1145 2377 1376 2458; x_wconf 77' lang='lat' dir='ltr'><strong>lbnsidero·</strong></span> 
     </span>
    </p>
   </div>
   <div class='ocr_carea' id='block_1_4' title="bbox 528 2467 1373 2589">
    <p class='ocr_par' dir='ltr' id='par_1_5' title="bbox 528 2467 1373 2589">
     <span class='ocr_line' id='line_1_16' title="bbox 528 2467 1373 2589; baseline 0.028 -44"><span class='ocrx_word' id='word_1_97' title='bbox 528 2468 602 2548; x_wconf 86' lang='lat' dir='ltr'><strong>¹rit</strong></span> <span class='ocrx_word' id='word_1_98' title='bbox 628 2467 791 2550; x_wconf 78' lang='lat' dir='ltr'><strong>semitas</strong></span> <span class='ocrx_word' id='word_1_99' title='bbox 830 2472 977 2556; x_wconf 90' lang='lat' dir='ltr'><strong>domus</strong></span> <span class='ocrx_word' id='word_1_100' title='bbox 1015 2502 1116 2580; x_wconf 81' lang='lat' dir='ltr'><strong>sure,</strong></span> <span class='ocrx_word' id='word_1_101' title='bbox 1155 2494 1196 2564; x_wconf 92' lang='lat' dir='ltr'><strong>et</strong></span> <span class='ocrx_word' id='word_1_102' title='bbox 1228 2510 1373 2589; x_wconf 83' lang='lat' dir='ltr'><strong>penem</strong></span> 
     </span>
    </p>
   </div>
   <div class='ocr_carea' id='block_1_5' title="bbox 550 2574 1375 2923">
    <p class='ocr_par' dir='ltr' id='par_1_6' title="bbox 550 2574 1375 2923">
     <span class='ocr_line' id='line_1_17' title="bbox 550 2574 1212 2674; baseline 0.026 -18"><span class='ocrx_word' id='word_1_103' title='bbox 550 2574 681 2656; x_wconf 79' lang='lat' dir='ltr'><strong>otiose</strong></span> <span class='ocrx_word' id='word_1_104' title='bbox 709 2601 791 2658; x_wconf 90' lang='lat' dir='ltr'><strong>non</strong></span> <span class='ocrx_word' id='word_1_105' title='bbox 817 2582 1005 2664; x_wconf 78' lang='lat' dir='ltr'><strong>comedit.</strong></span> <span class='ocrx_word' id='word_1_106' title='bbox 1029 2589 1212 2674; x_wconf 80' lang='lat' dir='ltr'><strong>Allelriis.</strong></span> 
     </span>
     <span class='ocr_line' id='line_1_18' title="bbox 883 2695 1052 2774; baseline 0.012 -4"><span class='ocrx_word' id='word_1_107' title='bbox 883 2695 1052 2774; x_wconf 79' lang='lat' dir='ltr'><strong>Secreto.</strong></span> 
     </span>
     <span class='ocr_line' id='line_1_19' title="bbox 638 2804 1375 2923; baseline 0.033 -43"><span class='ocrx_word' id='word_1_108' title='bbox 638 2826 755 2882; x_wconf 84' lang='lat' dir='ltr'><strong>mrnu</strong></span> <span class='ocrx_word' id='word_1_109' title='bbox 778 2804 870 2906; x_wconf 90' lang='lat' dir='ltr'><strong>tibi,</strong></span> <span class='ocrx_word' id='word_1_110' title='bbox 898 2808 1086 2911; x_wconf 89' lang='lat' dir='ltr'><strong>Domine,</strong></span> <span class='ocrx_word' id='word_1_111' title='bbox 1113 2817 1375 2923; x_wconf 77' lang='lat' dir='ltr'><strong>sucrificium,</strong></span> 
     </span>
    </p>
   </div>
   <div class='ocr_carea' id='block_1_6' title="bbox 543 2910 1376 3211">
    <p class='ocr_par' dir='ltr' id='par_1_7' title="bbox 543 2910 1376 3211">
     <span class='ocr_line' id='line_1_20' title="bbox 573 2910 1376 3030; baseline 0.026 -41"><span class='ocrx_word' id='word_1_112' title='bbox 573 3013 582 3030; x_wconf 94' lang='lat'><strong>.</strong></span> <span class='ocrx_word' id='word_1_113' title='bbox 617 2910 747 3013; x_wconf 70' lang='lat' dir='ltr'><strong>¹,betta</strong></span> <span class='ocrx_word' id='word_1_114' title='bbox 777 2912 868 2995; x_wconf 84' lang='lat' dir='ltr'><strong>Zitu</strong></span> <span class='ocrx_word' id='word_1_115' title='bbox 892 2917 1054 3022; x_wconf 81' lang='lat' dir='ltr'><strong>Virgine</strong></span> <span class='ocrx_word' id='word_1_116' title='bbox 1085 2923 1376 3029; x_wconf 83' lang='lat' dir='ltr'><strong>intercedonte,</strong></span> 
     </span>
     <span class='ocr_line' id='line_1_21' title="bbox 543 3016 1375 3126; baseline 0.03 -34"><span class='ocrx_word' id='word_1_117' title='bbox 543 3016 716 3098; x_wconf 85' lang='lat' dir='ltr'><strong>vrrlficet</strong></span> <span class='ocrx_word' id='word_1_118' title='bbox 742 3041 817 3102; x_wconf 92' lang='lat' dir='ltr'><strong>nos</strong></span> <span class='ocrx_word' id='word_1_119' title='bbox 843 3045 1003 3126; x_wconf 81' lang='lat' dir='ltr'><strong>semper</strong></span> <span class='ocrx_word' id='word_1_120' title='bbox 1028 3038 1067 3108; x_wconf 91' lang='lat' dir='ltr'><strong>et</strong></span> <span class='ocrx_word' id='word_1_121' title='bbox 1092 3031 1257 3114; x_wconf 81' lang='lat' dir='ltr'><strong>montet.</strong></span> <span class='ocrx_word' id='word_1_122' title='bbox 1301 3039 1375 3117; x_wconf 89' lang='lat' dir='ltr'><strong>Per</strong></span> 
     </span>
     <span class='ocr_line' id='line_1_22' title="bbox 547 3123 1284 3211; baseline 0.02 -10"><span class='ocrx_word' id='word_1_123' title='bbox 547 3123 780 3211; x_wconf 88' lang='lat' dir='ltr'><strong>Dominum.</strong></span> <span class='ocrx_word' id='word_1_124' title='bbox 1281 3162 1284 3167; x_wconf 51' lang='lat'><strong>⁴</strong></span> 
     </span>
    </p>
   </div>
   <div class='ocr_carea' id='block_1_7' title="bbox 604 3236 1374 3352">
    <p class='ocr_par' dir='ltr' id='par_1_8' title="bbox 443 3236 1374 3352">
     <span class='ocr_line' id='line_1_23' title="bbox 604 3236 1374 3352; baseline 0.042 -49.256"><span class='ocrx_word' id='word_1_125' title='bbox 604 3236 857 3316; x_wconf 79' lang='lat' dir='ltr'><strong>Conrmrmio.</strong></span> <span class='ocrx_word' id='word_1_126' title='bbox 900 3236 1012 3318; x_wconf 76' lang='lat' dir='ltr'><strong>liunt.</strong></span> <span class='ocrx_word' id='word_1_127' title='bbox 1039 3243 1076 3318; x_wconf 84' lang='lat' dir='ltr'><strong>o.</strong></span> <span class='ocrx_word' id='word_1_128' title='bbox 1124 3245 1198 3352; x_wconf 75' lang='lat' dir='ltr'><strong>Fgo</strong></span> <span class='ocrx_word' id='word_1_129' title='bbox 1225 3250 1374 3333; x_wconf 82' lang='lat' dir='ltr'><strong>dilocto</strong></span> 
     </span>
    </p>
   </div>
   <div class='ocr_carea' id='block_1_8' title="bbox 544 3342 1378 4108">
    <p class='ocr_par' dir='ltr' id='par_1_9' title="bbox 544 3342 1370 3651">
     <span class='ocr_line' id='line_1_24' title="bbox 544 3342 1370 3464; baseline 0.031 -47"><span class='ocrx_word' id='word_1_130' title='bbox 544 3359 655 3436; x_wconf 89' lang='lat' dir='ltr'><strong>meo,</strong></span> <span class='ocrx_word' id='word_1_131' title='bbox 675 3349 715 3422; x_wconf 91' lang='lat' dir='ltr'><strong>et</strong></span> <span class='ocrx_word' id='word_1_132' title='bbox 739 3342 911 3426; x_wconf 84' lang='lat' dir='ltr'><strong>diloctus</strong></span> <span class='ocrx_word' id='word_1_133' title='bbox 937 3370 1050 3432; x_wconf 89' lang='lat' dir='ltr'><strong>meus</strong></span> <span class='ocrx_word' id='word_1_134' title='bbox 1076 3354 1192 3455; x_wconf 89' lang='lat' dir='ltr'><strong>milri,</strong></span> <span class='ocrx_word' id='word_1_135' title='bbox 1211 3361 1281 3462; x_wconf 89' lang='lat' dir='ltr'><strong>qui</strong></span> <span class='ocrx_word' id='word_1_136' title='bbox 1300 3359 1370 3464; x_wconf 80' lang='lat' dir='ltr'><strong>po·</strong></span> 
     </span>
     <span class='ocr_line' id='line_1_25' title="bbox 546 3449 1130 3542; baseline 0.022 -13"><span class='ocrx_word' id='word_1_137' title='bbox 546 3449 673 3530; x_wconf 86' lang='lat' dir='ltr'><strong>scitur</strong></span> <span class='ocrx_word' id='word_1_138' title='bbox 697 3451 803 3534; x_wconf 90' lang='lat' dir='ltr'><strong>iuter</strong></span> <span class='ocrx_word' id='word_1_139' title='bbox 828 3454 925 3536; x_wconf 85' lang='lat' dir='ltr'><strong>lilia.</strong></span> <span class='ocrx_word' id='word_1_140' title='bbox 948 3459 1130 3542; x_wconf 78' lang='lat' dir='ltr'><strong>Allellriu.</strong></span> 
     </span>
     <span class='ocr_line' id='line_1_26' title="bbox 796 3563 1138 3651; baseline 0.026 -13"><span class='ocrx_word' id='word_1_141' title='bbox 796 3563 1138 3651; x_wconf 78' lang='lat' dir='ltr'><strong>Posteommunic.</strong></span> 
     </span>
    </p>

    <p class='ocr_par' dir='ltr' id='par_1_10' title="bbox 556 3672 1377 3861">
     <span class='ocr_line' id='line_1_27' title="bbox 556 3672 1377 3861; baseline 0.024 -114"><span class='ocrx_word' id='word_1_142' title='bbox 556 3690 756 3861; x_wconf 63' lang='grc' dir='ltr'><strong>θυινθυε</strong></span> <span class='ocrx_word' id='word_1_143' title='bbox 782 3672 885 3753; x_wconf 83' lang='lat' dir='ltr'><strong>seori</strong></span> <span class='ocrx_word' id='word_1_144' title='bbox 911 3684 950 3755; x_wconf 89' lang='lat' dir='ltr'><strong>et</strong></span> <span class='ocrx_word' id='word_1_145' title='bbox 974 3679 1139 3779; x_wconf 90' lang='lat' dir='ltr'><strong>pretiosi</strong></span> <span class='ocrx_word' id='word_1_146' title='bbox 1163 3682 1377 3789; x_wconf 81' lang='lat' dir='ltr'><strong>Songuinis</strong></span> 
     </span>
    </p>

    <p class='ocr_par' dir='ltr' id='par_1_11' title="bbox 625 3776 1378 3892">
     <span class='ocr_line' id='line_1_28' title="bbox 625 3776 1378 3892; baseline 0.032 -37"><span class='ocrx_word' id='word_1_147' title='bbox 625 3776 768 3879; x_wconf 82' lang='lat' dir='ltr'><strong>reploti</strong></span> <span class='ocrx_word' id='word_1_148' title='bbox 785 3779 996 3881; x_wconf 84' lang='lat' dir='ltr'><strong>libomine,</strong></span> <span class='ocrx_word' id='word_1_149' title='bbox 1012 3787 1213 3890; x_wconf 85' lang='lat' dir='ltr'><strong>srippliees</strong></span> <span class='ocrx_word' id='word_1_150' title='bbox 1228 3804 1279 3892; x_wconf 90' lang='lat' dir='ltr'><strong>te,</strong></span> <span class='ocrx_word' id='word_1_151' title='bbox 1299 3798 1378 3877; x_wconf 86' lang='lat' dir='ltr'><strong>Do·</strong></span> 
     </span>
    </p>

    <p class='ocr_par' dir='ltr' id='par_1_12' title="bbox 544 3881 1375 3987">
     <span class='ocr_line' id='line_1_29' title="bbox 544 3881 1375 3987; baseline 0.035 -31"><span class='ocrx_word' id='word_1_152' title='bbox 544 3881 670 3979; x_wconf 86' lang='lat' dir='ltr'><strong>mine,</strong></span> <span class='ocrx_word' id='word_1_153' title='bbox 705 3883 991 3987; x_wconf 84' lang='lat' dir='ltr'><strong>deprecomur;</strong></span> <span class='ocrx_word' id='word_1_154' title='bbox 1034 3906 1081 3975; x_wconf 92' lang='lat' dir='ltr'><strong>ut</strong></span> <span class='ocrx_word' id='word_1_155' title='bbox 1117 3899 1246 3983; x_wconf 78' lang='lat' dir='ltr'><strong>beotoe</strong></span> <span class='ocrx_word' id='word_1_156' title='bbox 1279 3904 1375 3985; x_wconf 86' lang='lat' dir='ltr'><strong>Zitae</strong></span> 
     </span>
    </p>

    <p class='ocr_par' dir='ltr' id='par_1_13' title="bbox 546 3986 1375 4108">
     <span class='ocr_line' id='line_1_30' title="bbox 546 3986 1375 4108; baseline 0.031 -43"><span class='ocrx_word' id='word_1_157' title='bbox 546 3986 733 4095; x_wconf 78' lang='lat' dir='ltr'><strong>Virginis,</strong></span> <span class='ocrx_word' id='word_1_158' title='bbox 754 4000 870 4095; x_wconf 89' lang='lat' dir='ltr'><strong>cujus</strong></span> <span class='ocrx_word' id='word_1_159' title='bbox 886 3996 1084 4079; x_wconf 85' lang='lat' dir='ltr'><strong>solomnie</strong></span> <span class='ocrx_word' id='word_1_160' title='bbox 1102 4005 1278 4108; x_wconf 69' lang='lat' dir='ltr'><strong>ligimus,</strong></span> <span class='ocrx_word' id='word_1_161' title='bbox 1296 4012 1375 4092; x_wconf 86' lang='lat' dir='ltr'><strong>vir·</strong></span> 
     </span>
    </p>
   </div>
   <div class='ocr_carea' id='block_1_9' title="bbox 545 4240 1042 4267">
    <p class='ocr_par' dir='ltr' id='par_1_14' title="bbox 545 4240 1042 4267">
     <span class='ocr_line' id='line_1_31' title="bbox 545 4240 1042 4267; baseline 0.016 -8"><span class='ocrx_word' id='word_1_162' title='bbox 545 4240 1042 4267; x_wconf 48' lang='grc' dir='ltr'>Μ</span> 
     </span>
    </p>
   </div>
   <div class='ocr_carea' id='block_1_10' title="bbox 782 4334 1161 4395">
    <p class='ocr_par' dir='ltr' id='par_1_15' title="bbox 782 4334 1161 4395">
     <span class='ocr_line' id='line_1_32' title="bbox 782 4334 1161 4395; baseline 0.018 -10"><span class='ocrx_word' id='word_1_163' title='bbox 782 4334 843 4387; x_wconf 76' lang='grc' dir='ltr'><strong>ΜΕ</strong></span> <span class='ocrx_word' id='word_1_164' title='bbox 861 4336 990 4391; x_wconf 68' lang='grc' dir='ltr'>ΧΧῘΗΙ.</span> <span class='ocrx_word' id='word_1_165' title='bbox 1012 4342 1161 4395; x_wconf 74' lang='lat' dir='ltr'><strong>nrltrtrs.</strong></span> 
     </span>
    </p>
   </div>
   <div class='ocr_carea' id='block_1_11' title="bbox 621 4430 1302 4547">
    <p class='ocr_par' dir='ltr' id='par_1_16' title="bbox 621 4430 1302 4547">
     <span class='ocr_line' id='line_1_33' title="bbox 621 4430 1302 4547; baseline 0.022 -34"><span class='ocrx_word' id='word_1_166' title='bbox 621 4430 662 4513; x_wconf 88' lang='lat' dir='ltr'><strong>S.</strong></span> <span class='ocrx_word' id='word_1_167' title='bbox 680 4431 711 4510; x_wconf 86' lang='lat' dir='ltr'><strong>F</strong></span> <span class='ocrx_word' id='word_1_168' title='bbox 713 4432 885 4519; x_wconf 82' lang='lat' dir='ltr'><strong>lDELIS</strong></span> <span class='ocrx_word' id='word_1_169' title='bbox 899 4440 939 4519; x_wconf 82' lang='lat' dir='ltr'>A</span> <span class='ocrx_word' id='word_1_170' title='bbox 960 4440 1302 4547; x_wconf 69' lang='lat' dir='ltr'><strong>moriremur,</strong></span> 
     </span>
    </p>
   </div>
   <div class='ocr_carea' id='block_1_12' title="bbox 869 4572 1057 4631">
    <p class='ocr_par' dir='ltr' id='par_1_17' title="bbox 869 4572 1057 4631">
     <span class='ocr_line' id='line_1_34' title="bbox 869 4572 1057 4631; baseline 0.032 -6"><span class='ocrx_word' id='word_1_171' title='bbox 869 4572 1057 4631; x_wconf 67' lang='lat' dir='ltr'><strong>uturum.</strong></span> 
     </span>
    </p>
   </div>
   <div class='ocr_carea' id='block_1_13' title="bbox 559 4648 1364 4858">
    <p class='ocr_par' dir='ltr' id='par_1_18' title="bbox 559 4648 1364 4858">
     <span class='ocr_line' id='line_1_35' title="bbox 611 4648 1364 4756; baseline 0.017 -33"><span class='ocrx_word' id='word_1_172' title='bbox 611 4648 750 4743; x_wconf 80' lang='lat' dir='ltr'><strong>otissa,</strong></span> <span class='ocrx_word' id='word_1_173' title='bbox 795 4651 1013 4756; x_wconf 73' lang='lat' dir='ltr'><strong>llotexisti,</strong></span> <span class='ocrx_word' id='word_1_174' title='bbox 1053 4668 1096 4733; x_wconf 88' lang='lat' dir='ltr'><strong>ut</strong></span> <span class='ocrx_word' id='word_1_175' title='bbox 1134 4658 1175 4735; x_wconf 88' lang='lat' dir='ltr'><strong>in</strong></span> <span class='ocrx_word' id='word_1_176' title='bbox 1215 4660 1364 4741; x_wconf 85' lang='lat' dir='ltr'><strong>llissali</strong></span> 
     </span>
     <span class='ocr_line' id='line_1_36' title="bbox 559 4753 929 4858; baseline 0.014 -29"><span class='ocrx_word' id='word_1_177' title='bbox 559 4753 622 4829; x_wconf 85' lang='lat' dir='ltr'><strong>(lie</strong></span> <span class='ocrx_word' id='word_1_178' title='bbox 648 4757 749 4835; x_wconf 79' lang='lat' dir='ltr'><strong>xxiv.</strong></span> <span class='ocrx_word' id='word_1_179' title='bbox 771 4758 929 4858; x_wconf 75' lang='lat' dir='ltr'><strong>Aprilis.</strong></span> 
     </span>
    </p>
   </div>
   <div class='ocr_carea' id='block_1_14' title="bbox 620 4984 1320 5053">
    <p class='ocr_par' dir='ltr' id='par_1_19' title="bbox 620 4984 1320 5053">
     <span class='ocr_line' id='line_1_37' title="bbox 620 4984 1320 5053; baseline 0.021 -19"><span class='ocrx_word' id='word_1_180' title='bbox 620 4984 725 5039; x_wconf 77' lang='lat' dir='ltr'><strong>ruutt</strong></span> <span class='ocrx_word' id='word_1_181' title='bbox 740 4985 788 5038; x_wconf 76' lang='lat' dir='ltr'><strong>Vl.</strong></span> <span class='ocrx_word' id='word_1_182' title='bbox 812 4986 896 5039; x_wconf 76' lang='lat' dir='ltr'>POST</span> <span class='ocrx_word' id='word_1_183' title='bbox 923 4988 1127 5044; x_wconf 76' lang='lat' dir='ltr'><strong>uorttn&#39;rotrr</strong></span> <span class='ocrx_word' id='word_1_184' title='bbox 1152 4994 1188 5047; x_wconf 69' lang='lat' dir='ltr'><strong>rt</strong></span> <span class='ocrx_word' id='word_1_185' title='bbox 1208 4996 1320 5053; x_wconf 74' lang='lat' dir='ltr'><strong>utute.</strong></span> 
     </span>
    </p>
   </div>
   <div class='ocr_carea' id='block_1_15' title="bbox 550 5074 1373 5174">
    <p class='ocr_par' dir='ltr' id='par_1_20' title="bbox 550 5074 1373 5174">
     <span class='ocr_line' id='line_1_38' title="bbox 550 5074 1373 5174; baseline 0.022 -19"><span class='ocrx_word' id='word_1_186' title='bbox 550 5074 767 5157; x_wconf 76' lang='lat' dir='ltr'>LANCEAE</span> <span class='ocrx_word' id='word_1_187' title='bbox 780 5077 844 5159; x_wconf 84' lang='lat' dir='ltr'><strong>ET</strong></span> <span class='ocrx_word' id='word_1_188' title='bbox 863 5082 1146 5167; x_wconf 75' lang='lat' dir='ltr'>CLAVORUM</span> <span class='ocrx_word' id='word_1_189' title='bbox 1161 5089 1208 5168; x_wconf 84' lang='lat' dir='ltr'><strong>l).</strong></span> <span class='ocrx_word' id='word_1_190' title='bbox 1225 5090 1270 5171; x_wconf 90' lang='lat' dir='ltr'><strong>N.</strong></span> <span class='ocrx_word' id='word_1_191' title='bbox 1283 5091 1318 5174; x_wconf 84' lang='lat' dir='ltr'><strong>J.</strong></span> <span class='ocrx_word' id='word_1_192' title='bbox 1330 5089 1373 5173; x_wconf 87' lang='lat' dir='ltr'><strong>C.</strong></span> 
     </span>
    </p>
   </div>
   <div class='ocr_carea' id='block_1_16' title="bbox 556 5184 1552 5439">
    <p class='ocr_par' dir='ltr' id='par_1_21' title="bbox 556 5184 1552 5439">
     <span class='ocr_line' id='line_1_39' title="bbox 607 5184 1385 5305; baseline 0.03 -44"><span class='ocrx_word' id='word_1_193' title='bbox 607 5184 747 5278; x_wconf 84' lang='lat' dir='ltr'><strong>Missa,</strong></span> <span class='ocrx_word' id='word_1_194' title='bbox 777 5185 971 5274; x_wconf 71' lang='lat' dir='ltr'><strong>mutuum</strong></span> <span class='ocrx_word' id='word_1_195' title='bbox 996 5218 1158 5297; x_wconf 88' lang='lat' dir='ltr'><strong>munus,</strong></span> <span class='ocrx_word' id='word_1_196' title='bbox 1186 5199 1285 5276; x_wconf 89' lang='lat' dir='ltr'><strong>utin</strong></span> <span class='ocrx_word' id='word_1_197' title='bbox 1307 5205 1385 5305; x_wconf 82' lang='lat' dir='ltr'><strong>Ap-</strong></span> 
     </span>
     <span class='ocr_line' id='line_1_40' title="bbox 556 5290 1552 5439; baseline 0.015 -69"><span class='ocrx_word' id='word_1_198' title='bbox 556 5292 724 5394; x_wconf 85' lang='lat' dir='ltr'><strong>pendice</strong></span> <span class='ocrx_word' id='word_1_199' title='bbox 751 5292 938 5392; x_wconf 83' lang='lat' dir='ltr'><strong>llissalis,</strong></span> <span class='ocrx_word' id='word_1_200' title='bbox 970 5300 1045 5378; x_wconf 90' lang='lat' dir='ltr'><strong>sub</strong></span> <span class='ocrx_word' id='word_1_201' title='bbox 1075 5290 1419 5439; x_wconf 64' lang='lat' dir='ltr'><strong>Ferinrj.post1</strong></span> <span class='ocrx_word' id='word_1_202' title='bbox 1458 5304 1552 5385; x_wconf 84' lang='lat' dir='ltr'><strong>luia.</strong></span> 
     </span>
    </p>
   </div>
   <div class='ocr_carea' id='block_1_17' title="bbox 561 5403 963 5506">
    <p class='ocr_par' dir='ltr' id='par_1_22' title="bbox 561 5403 963 5506">
     <span class='ocr_line' id='line_1_41' title="bbox 561 5403 963 5506; baseline 0 -27"><span class='ocrx_word' id='word_1_203' title='bbox 561 5404 680 5483; x_wconf 77' lang='lat' dir='ltr'><strong>llom.</strong></span> <span class='ocrx_word' id='word_1_204' title='bbox 700 5404 731 5501; x_wconf 70' lang='lat' dir='ltr'><strong>j,</strong></span> <span class='ocrx_word' id='word_1_205' title='bbox 760 5403 963 5506; x_wconf 79' lang='lat' dir='ltr'><strong>Quadrng.</strong></span> 
     </span>
    </p>
   </div>
   <div class='ocr_carea' id='block_1_18' title="bbox 1233 5574 1369 5595">
    <p class='ocr_par' dir='ltr' id='par_1_23' title="bbox 1233 5574 1369 5595">
     <span class='ocr_line' id='line_1_42' title="bbox 1233 5574 1369 5595; baseline 0.022 -3"><span class='ocrx_word' id='word_1_206' title='bbox 1233 5574 1369 5595; x_wconf 64' lang='lat' dir='ltr'><strong>fi-nu</strong></span> 
     </span>
    </p>
   </div>
   <div class='ocr_carea' id='block_1_19' title="bbox 703 5634 1230 5697">
    <p class='ocr_par' dir='ltr' id='par_1_24' title="bbox 703 5634 1230 5697">
     <span class='ocr_line' id='line_1_43' title="bbox 703 5634 1230 5697; baseline 0.021 -10"><span class='ocrx_word' id='word_1_207' title='bbox 703 5634 874 5689; x_wconf 76' lang='lat' dir='ltr'><strong>notrlrtlct</strong></span> <span class='ocrx_word' id='word_1_208' title='bbox 900 5636 943 5689; x_wconf 83' lang='lat'><strong>11.</strong></span> <span class='ocrx_word' id='word_1_209' title='bbox 975 5636 1060 5690; x_wconf 78' lang='lat' dir='ltr'>POST</span> <span class='ocrx_word' id='word_1_210' title='bbox 1087 5639 1230 5697; x_wconf 73' lang='lat' dir='ltr'><strong>PASCUA·</strong></span> 
     </span>
    </p>
   </div>
   <div class='ocr_carea' id='block_1_20' title="bbox 674 5733 1231 5933">
    <p class='ocr_par' dir='ltr' id='par_1_25' title="bbox 674 5733 1231 5933">
     <span class='ocr_line' id='line_1_44' title="bbox 674 5733 1231 5830; baseline 0.027 -14"><span class='ocrx_word' id='word_1_211' title='bbox 674 5734 722 5819; x_wconf 86' lang='lat' dir='ltr'><strong>B.</strong></span> <span class='ocrx_word' id='word_1_212' title='bbox 748 5733 802 5820; x_wconf 85' lang='grc' dir='ltr'><strong>Μ.</strong></span> <span class='ocrx_word' id='word_1_213' title='bbox 827 5734 874 5821; x_wconf 75' lang='lat' dir='ltr'><strong>V.</strong></span> <span class='ocrx_word' id='word_1_214' title='bbox 903 5738 1231 5830; x_wconf 71' lang='lat' dir='ltr'><strong>euertuntur.</strong></span> 
     </span>
     <span class='ocr_line' id='line_1_45' title="bbox 773 5834 1140 5933; baseline 0.054 -24"><span class='ocrx_word' id='word_1_215' title='bbox 773 5834 1050 5930; x_wconf 78' lang='lat' dir='ltr'><strong>Immitesl’r.</strong></span> <span class='ocrx_word' id='word_1_216' title='bbox 1077 5859 1140 5933; x_wconf 77' lang='lat' dir='ltr'><strong>tl.</strong></span> 
     </span>
    </p>
   </div>
   <div class='ocr_carea' id='block_1_21' title="bbox 544 4092 1248 4195">
    <p class='ocr_par' dir='ltr' id='par_1_26' title="bbox 544 4070 1423 5037">
     <span class='ocr_line' id='line_1_46' title="bbox 544 4092 1248 4195; baseline 0.035 -24"><span class='ocrx_word' id='word_1_217' title='bbox 544 4092 658 4178; x_wconf 63' lang='lat' dir='ltr'><strong>tuuc</strong></span> <span class='ocrx_word' id='word_1_218' title='bbox 677 4098 892 4183; x_wconf 69' lang='lat' dir='ltr'><strong>imitemur.</strong></span> <span class='ocrx_word' id='word_1_219' title='bbox 923 4106 998 4186; x_wconf 76' lang='lat' dir='ltr'><strong>rer</strong></span> <span class='ocrx_word' id='word_1_220' title='bbox 1016 4110 1248 4195; x_wconf 76' lang='lat' dir='ltr'><strong>nummum.</strong></span> 
     </span>
    </p>
   </div>
   <div class='ocr_carea' id='block_1_22' title="bbox 1455 988 2289 1188">
    <p class='ocr_par' dir='ltr' id='par_1_27' title="bbox 1455 988 2289 1188">
     <span class='ocr_line' id='line_1_47' title="bbox 1455 988 2287 1108; baseline 0.004 -40"><span class='ocrx_word' id='word_1_221' title='bbox 1455 1012 1530 1071; x_wconf 82' lang='lat' dir='ltr'><strong>mre</strong></span> <span class='ocrx_word' id='word_1_222' title='bbox 1557 992 1641 1092; x_wconf 89' lang='lat' dir='ltr'><strong>ejus</strong></span> <span class='ocrx_word' id='word_1_223' title='bbox 1676 988 1939 1108; x_wconf 37' lang='lat' dir='ltr'><strong>‚adducemur</strong></span> <span class='ocrx_word' id='word_1_224' title='bbox 1963 990 2039 1070; x_wconf 89' lang='lat' dir='ltr'><strong>tibi</strong></span> <span class='ocrx_word' id='word_1_225' title='bbox 2071 989 2111 1070; x_wconf 92' lang='lat' dir='ltr'><strong>in</strong></span> <span class='ocrx_word' id='word_1_226' title='bbox 2130 992 2287 1074; x_wconf 83' lang='lat' dir='ltr'><strong>&#39;laetltiu</strong></span> 
     </span>
     <span class='ocr_line' id='line_1_48' title="bbox 1459 1077 2289 1188; baseline -0.013 -14"><span class='ocrx_word' id='word_1_227' title='bbox 1459 1100 1498 1174; x_wconf 88' lang='lat' dir='ltr'><strong>et</strong></span> <span class='ocrx_word' id='word_1_228' title='bbox 1525 1089 1777 1172; x_wconf 82' lang='lat' dir='ltr'><strong>exultautne.</strong></span> <span class='ocrx_word' id='word_1_229' title='bbox 1798 1091 1979 1188; x_wconf 82' lang='lat' dir='ltr'><strong>Allelr&#39;rru,</strong></span> <span class='ocrx_word' id='word_1_230' title='bbox 2010 1091 2113 1172; x_wconf 83' lang='lat' dir='ltr'><strong>ellel.</strong></span> <span class='ocrx_word' id='word_1_231' title='bbox 2131 1077 2196 1168; x_wconf 75' lang='lat' dir='ltr'><strong>rs.</strong></span> <span class='ocrx_word' id='word_1_232' title='bbox 2226 1091 2289 1166; x_wconf 74' lang='lat' dir='ltr'><strong>to.</strong></span> 
     </span>
    </p>
   </div>
   <div class='ocr_carea' id='block_1_23' title="bbox 1455 1193 2289 2161">
    <p class='ocr_par' dir='ltr' id='par_1_28' title="bbox 1455 1193 2286 1594">
     <span class='ocr_line' id='line_1_49' title="bbox 1463 1193 2284 1282; baseline -0.005 -2"><span class='ocrx_word' id='word_1_233' title='bbox 1463 1193 1662 1282; x_wconf 76' lang='lat' dir='ltr'><strong>Erucrtvit</strong></span> <span class='ocrx_word' id='word_1_234' title='bbox 1676 1223 1747 1280; x_wconf 89' lang='lat' dir='ltr'><strong>cur</strong></span> <span class='ocrx_word' id='word_1_235' title='bbox 1761 1222 1894 1282; x_wconf 90' lang='lat' dir='ltr'><strong>meum</strong></span> <span class='ocrx_word' id='word_1_236' title='bbox 1912 1199 2081 1281; x_wconf 85' lang='lat' dir='ltr'><strong>verbum</strong></span> <span class='ocrx_word' id='word_1_237' title='bbox 2098 1201 2253 1282; x_wconf 92' lang='lat' dir='ltr'><strong>bonum</strong></span> <span class='ocrx_word' id='word_1_238' title='bbox 2274 1227 2284 1276; x_wconf 76' lang='grc' dir='ltr'><strong><em>ε</em></strong></span> 
     </span>
     <span class='ocr_line' id='line_1_50' title="bbox 1455 1305 2286 1411; baseline 0 -25"><span class='ocrx_word' id='word_1_239' title='bbox 1455 1308 1547 1388; x_wconf 86' lang='lat' dir='ltr'><strong>diro</strong></span> <span class='ocrx_word' id='word_1_240' title='bbox 1577 1330 1649 1411; x_wconf 81' lang='lat' dir='ltr'><strong>ego</strong></span> <span class='ocrx_word' id='word_1_241' title='bbox 1675 1307 1798 1410; x_wconf 86' lang='lat' dir='ltr'><strong>opera</strong></span> <span class='ocrx_word' id='word_1_242' title='bbox 1825 1330 1914 1388; x_wconf 85' lang='lat' dir='ltr'><strong>meu</strong></span> <span class='ocrx_word' id='word_1_243' title='bbox 1947 1308 2040 1410; x_wconf 83' lang='lat' dir='ltr'><strong>regi.</strong></span> <span class='ocrx_word' id='word_1_244' title='bbox 2082 1305 2119 1400; x_wconf 67' lang='lat' dir='ltr'><strong>l·</strong></span> <span class='ocrx_word' id='word_1_245' title='bbox 2146 1307 2286 1388; x_wconf 80' lang='lat' dir='ltr'><strong>Gloria</strong></span> 
     </span>
     <span class='ocr_line' id='line_1_51' title="bbox 1456 1417 1574 1496; baseline -0.008 -1"><span class='ocrx_word' id='word_1_246' title='bbox 1456 1417 1574 1496; x_wconf 85' lang='lat' dir='ltr'><strong>Patri.</strong></span> 
     </span>
     <span class='ocr_line' id='line_1_52' title="bbox 1801 1516 1951 1594; baseline -0.013 0"><span class='ocrx_word' id='word_1_247' title='bbox 1801 1516 1951 1594; x_wconf 83' lang='lat' dir='ltr'><strong>Oratio.</strong></span> 
     </span>
    </p>

    <p class='ocr_par' dir='ltr' id='par_1_29' title="bbox 1462 1628 2289 1810">
     <span class='ocr_line' id='line_1_53' title="bbox 1462 1628 2289 1810; baseline -0.004 -101"><span class='ocrx_word' id='word_1_248' title='bbox 1462 1642 1604 1810; x_wconf 77' lang='lat' dir='ltr'><strong>Dens,</strong></span> <span class='ocrx_word' id='word_1_249' title='bbox 1622 1632 1692 1734; x_wconf 89' lang='lat' dir='ltr'><strong>qui</strong></span> <span class='ocrx_word' id='word_1_250' title='bbox 1711 1630 1887 1710; x_wconf 76' lang='lat' dir='ltr'><strong>humone</strong></span> <span class='ocrx_word' id='word_1_251' title='bbox 1907 1629 2041 1733; x_wconf 78' lang='lat' dir='ltr'><strong>generi</strong></span> <span class='ocrx_word' id='word_1_252' title='bbox 2057 1628 2185 1709; x_wconf 81' lang='lat' dir='ltr'><strong>beriten</strong></span> <span class='ocrx_word' id='word_1_253' title='bbox 2206 1629 2289 1707; x_wconf 70' lang='grc' dir='ltr'><strong>Με-</strong></span> 
     </span>
    </p>

    <p class='ocr_par' dir='ltr' id='par_1_30' title="bbox 1456 1737 2287 2161">
     <span class='ocr_line' id='line_1_54' title="bbox 1545 1737 2287 1844; baseline -0.001 -29"><span class='ocrx_word' id='word_1_254' title='bbox 1545 1739 1616 1818; x_wconf 86' lang='lat' dir='ltr'><strong>rlae</strong></span> <span class='ocrx_word' id='word_1_255' title='bbox 1659 1738 1883 1844; x_wconf 81' lang='lat' dir='ltr'><strong>virginitotc</strong></span> <span class='ocrx_word' id='word_1_256' title='bbox 1916 1737 2088 1818; x_wconf 78' lang='lat' dir='ltr'><strong>seconde</strong></span> <span class='ocrx_word' id='word_1_257' title='bbox 2126 1759 2287 1840; x_wconf 80' lang='lat' dir='ltr'><strong>reperu-</strong></span> 
     </span>
     <span class='ocr_line' id='line_1_55' title="bbox 1458 1843 2287 1949; baseline 0.006 -28"><span class='ocrx_word' id='word_1_258' title='bbox 1458 1843 1577 1924; x_wconf 89' lang='lat' dir='ltr'><strong>tionis</strong></span> <span class='ocrx_word' id='word_1_259' title='bbox 1608 1846 1773 1949; x_wconf 80' lang='lat' dir='ltr'><strong>grotiem</strong></span> <span class='ocrx_word' id='word_1_260' title='bbox 1810 1845 2053 1929; x_wconf 76' lang='lat' dir='ltr'><strong>contulisti:</strong></span> <span class='ocrx_word' id='word_1_261' title='bbox 2093 1845 2287 1937; x_wconf 77' lang='lat' dir='ltr'><strong>concode:</strong></span> 
     </span>
     <span class='ocr_line' id='line_1_56' title="bbox 1456 1953 2287 2055; baseline -0.001 -24"><span class='ocrx_word' id='word_1_262' title='bbox 1456 1960 1500 2032; x_wconf 91' lang='lat' dir='ltr'><strong>ut</strong></span> <span class='ocrx_word' id='word_1_263' title='bbox 1528 1976 1650 2055; x_wconf 87' lang='lat' dir='ltr'><strong>quum</strong></span> <span class='ocrx_word' id='word_1_264' title='bbox 1678 1954 1906 2034; x_wconf 79' lang='lat' dir='ltr'><strong>Grutiorum</strong></span> <span class='ocrx_word' id='word_1_265' title='bbox 1945 1954 2114 2032; x_wconf 85' lang='lat' dir='ltr'><strong>Matrem</strong></span> <span class='ocrx_word' id='word_1_266' title='bbox 2152 1953 2287 2055; x_wconf 82' lang='lat' dir='ltr'><strong>appel·</strong></span> 
     </span>
     <span class='ocr_line' id='line_1_57' title="bbox 1458 2059 2287 2161; baseline -0.001 -23"><span class='ocrx_word' id='word_1_267' title='bbox 1458 2059 1589 2140; x_wconf 80' lang='lat' dir='ltr'><strong>lomus</strong></span> <span class='ocrx_word' id='word_1_268' title='bbox 1632 2061 1674 2138; x_wconf 93' lang='lat' dir='ltr'><strong>in</strong></span> <span class='ocrx_word' id='word_1_269' title='bbox 1701 2063 1833 2160; x_wconf 88' lang='lat' dir='ltr'><strong>terris,</strong></span> <span class='ocrx_word' id='word_1_270' title='bbox 1854 2062 1938 2161; x_wconf 78' lang='lat' dir='ltr'><strong>eius</strong></span> <span class='ocrx_word' id='word_1_271' title='bbox 1978 2059 2084 2138; x_wconf 88' lang='lat' dir='ltr'><strong>lellci</strong></span> <span class='ocrx_word' id='word_1_272' title='bbox 2123 2061 2287 2140; x_wconf 88' lang='lat' dir='ltr'><strong>consor-</strong></span> 
     </span>
    </p>
   </div>
   <div class='ocr_carea' id='block_1_24' title="bbox 1413 2165 2289 2290">
    <p class='ocr_par' dir='ltr' id='par_1_31' title="bbox 1413 2165 2289 2290">
     <span class='ocr_line' id='line_1_58' title="bbox 1413 2165 2289 2290; baseline 0 -44"><span class='ocrx_word' id='word_1_273' title='bbox 1413 2167 1418 2290; x_wconf 72' lang='lat' dir='ltr'><strong>l</strong></span> <span class='ocrx_word' id='word_1_274' title='bbox 1457 2168 1514 2246; x_wconf 88' lang='lat' dir='ltr'><strong>tio</strong></span> <span class='ocrx_word' id='word_1_275' title='bbox 1555 2169 1810 2270; x_wconf 69' lang='lat' dir='ltr'><strong>perfruimur</strong></span> <span class='ocrx_word' id='word_1_276' title='bbox 1848 2169 1889 2246; x_wconf 92' lang='lat' dir='ltr'><strong>in</strong></span> <span class='ocrx_word' id='word_1_277' title='bbox 1932 2167 2057 2247; x_wconf 85' lang='lat' dir='ltr'><strong>eoelis.</strong></span> <span class='ocrx_word' id='word_1_278' title='bbox 2090 2165 2167 2246; x_wconf 87' lang='lat' dir='ltr'><strong>Per</strong></span> <span class='ocrx_word' id='word_1_279' title='bbox 2208 2166 2289 2246; x_wconf 85' lang='lat' dir='ltr'><strong>Do-</strong></span> 
     </span>
    </p>
   </div>
   <div class='ocr_carea' id='block_1_25' title="bbox 1458 2275 2291 4110">
    <p class='ocr_par' dir='ltr' id='par_1_32' title="bbox 1458 2275 1624 2356">
     <span class='ocr_line' id='line_1_59' title="bbox 1458 2275 1624 2356; baseline 0 -2"><span class='ocrx_word' id='word_1_280' title='bbox 1458 2275 1624 2356; x_wconf 90' lang='lat' dir='ltr'><strong>minum.</strong></span> 
     </span>
    </p>

    <p class='ocr_par' dir='ltr' id='par_1_33' title="bbox 1520 2372 2023 2458">
     <span class='ocr_line' id='line_1_60' title="bbox 1520 2372 2023 2458; baseline 0.01 -9"><span class='ocrx_word' id='word_1_281' title='bbox 1520 2372 1569 2454; x_wconf 84' lang='lat' dir='ltr'><strong>m</strong></span> <span class='ocrx_word' id='word_1_282' title='bbox 1595 2376 1638 2456; x_wconf 87' lang='lat' dir='ltr'><strong>lit</strong></span> <span class='ocrx_word' id='word_1_283' title='bbox 1664 2398 1876 2458; x_wconf 83' lang='lat' dir='ltr'><strong>commem.</strong></span> <span class='ocrx_word' id='word_1_284' title='bbox 1905 2379 2023 2458; x_wconf 87' lang='lat' dir='ltr'><strong>Dum.</strong></span> 
     </span>
    </p>

    <p class='ocr_par' dir='ltr' id='par_1_34' title="bbox 1515 2482 2239 2593">
     <span class='ocr_line' id='line_1_61' title="bbox 1515 2482 2239 2593; baseline -0.004 -24"><span class='ocrx_word' id='word_1_285' title='bbox 1515 2482 1639 2570; x_wconf 86' lang='lat' dir='ltr'><strong>loctio</strong></span> <span class='ocrx_word' id='word_1_286' title='bbox 1664 2487 1758 2568; x_wconf 93' lang='lat' dir='ltr'><strong>libri</strong></span> <span class='ocrx_word' id='word_1_287' title='bbox 1777 2487 2002 2593; x_wconf 83' lang='lat' dir='ltr'><strong>Supiontire.</strong></span> <span class='ocrx_word' id='word_1_288' title='bbox 2035 2487 2154 2566; x_wconf 87' lang='lat' dir='ltr'><strong>Eecli.</strong></span> <span class='ocrx_word' id='word_1_289' title='bbox 2178 2489 2239 2566; x_wconf 57' lang='lat' dir='ltr'><strong>ml.</strong></span> 
     </span>
    </p>

    <p class='ocr_par' dir='ltr' id='par_1_35' title="bbox 1523 2604 2285 2710">
     <span class='ocr_line' id='line_1_62' title="bbox 1523 2604 2285 2710; baseline -0.003 -24"><span class='ocrx_word' id='word_1_290' title='bbox 1523 2631 1567 2686; x_wconf 88' lang='lat' dir='ltr'><strong>co</strong></span> <span class='ocrx_word' id='word_1_291' title='bbox 1594 2607 1709 2710; x_wconf 88' lang='lat' dir='ltr'><strong>quusi</strong></span> <span class='ocrx_word' id='word_1_292' title='bbox 1733 2607 1825 2687; x_wconf 86' lang='lat' dir='ltr'><strong>ritis</strong></span> <span class='ocrx_word' id='word_1_293' title='bbox 1857 2604 2091 2686; x_wconf 79' lang='lat' dir='ltr'><strong>fructificlrri</strong></span> <span class='ocrx_word' id='word_1_294' title='bbox 2109 2605 2285 2686; x_wconf 79' lang='lat' dir='ltr'><strong>suaviu-</strong></span> 
     </span>
    </p>

    <p class='ocr_par' dir='ltr' id='par_1_36' title="bbox 1459 2712 2291 4110">
     <span class='ocr_line' id='line_1_63' title="bbox 1539 2712 2284 2811; baseline -0.001 -18"><span class='ocrx_word' id='word_1_295' title='bbox 1539 2724 1618 2793; x_wconf 90' lang='lat' dir='ltr'><strong>tem</strong></span> <span class='ocrx_word' id='word_1_296' title='bbox 1646 2714 1821 2794; x_wconf 87' lang='lat' dir='ltr'><strong>odoris:</strong></span> <span class='ocrx_word' id='word_1_297' title='bbox 1857 2723 1897 2793; x_wconf 92' lang='lat' dir='ltr'><strong>et</strong></span> <span class='ocrx_word' id='word_1_298' title='bbox 1921 2714 2039 2793; x_wconf 86' lang='lat' dir='ltr'><strong>liores</strong></span> <span class='ocrx_word' id='word_1_299' title='bbox 2065 2713 2165 2811; x_wconf 92' lang='lat' dir='ltr'><strong>mei,</strong></span> <span class='ocrx_word' id='word_1_300' title='bbox 2202 2712 2284 2792; x_wconf 86' lang='lat' dir='ltr'><strong>lru·</strong></span> 
     </span>
     <span class='ocr_line' id='line_1_64' title="bbox 1459 2820 2286 2922; baseline 0 -25"><span class='ocrx_word' id='word_1_301' title='bbox 1459 2820 2029 2902; x_wconf 82' lang='lat' dir='ltr'><strong>crushonoris-ethonesrtris.</strong></span> <span class='ocrx_word' id='word_1_302' title='bbox 2051 2821 2133 2922; x_wconf 79' lang='lat' dir='ltr'><strong>Ego</strong></span> <span class='ocrx_word' id='word_1_303' title='bbox 2160 2831 2286 2900; x_wconf 89' lang='lat' dir='ltr'><strong>muter</strong></span> 
     </span>
     <span class='ocr_line' id='line_1_65' title="bbox 1461 2928 2286 3031; baseline 0 -23"><span class='ocrx_word' id='word_1_304' title='bbox 1461 2929 1640 3031; x_wconf 82' lang='lat' dir='ltr'><strong>pulchrre</strong></span> <span class='ocrx_word' id='word_1_305' title='bbox 1680 2928 1928 3028; x_wconf 78' lang='lat' dir='ltr'><strong>dilectionis,</strong></span> <span class='ocrx_word' id='word_1_306' title='bbox 1956 2938 1996 3010; x_wconf 89' lang='lat' dir='ltr'><strong>et</strong></span> <span class='ocrx_word' id='word_1_307' title='bbox 2024 2929 2198 3028; x_wconf 85' lang='lat' dir='ltr'><strong>timoris,</strong></span> <span class='ocrx_word' id='word_1_308' title='bbox 2247 2939 2286 3008; x_wconf 87' lang='lat' dir='ltr'><strong>et</strong></span> 
     </span>
     <span class='ocr_line' id='line_1_66' title="bbox 1461 3038 2286 3141; baseline 0.004 -26"><span class='ocrx_word' id='word_1_309' title='bbox 1461 3038 1701 3141; x_wconf 84' lang='lat' dir='ltr'><strong>uguitionis,</strong></span> <span class='ocrx_word' id='word_1_310' title='bbox 1736 3047 1776 3119; x_wconf 89' lang='lat' dir='ltr'><strong>et</strong></span> <span class='ocrx_word' id='word_1_311' title='bbox 1818 3048 1966 3120; x_wconf 80' lang='lat' dir='ltr'><strong>sunem</strong></span> <span class='ocrx_word' id='word_1_312' title='bbox 1999 3039 2096 3140; x_wconf 90' lang='lat' dir='ltr'><strong>spei.</strong></span> <span class='ocrx_word' id='word_1_313' title='bbox 2142 3039 2186 3118; x_wconf 90' lang='lat' dir='ltr'><strong>ln</strong></span> <span class='ocrx_word' id='word_1_314' title='bbox 2223 3061 2286 3118; x_wconf 90' lang='lat' dir='ltr'><strong>me</strong></span> 
     </span>
     <span class='ocr_line' id='line_1_67' title="bbox 1461 3145 2286 3248; baseline 0 -24"><span class='ocrx_word' id='word_1_315' title='bbox 1461 3147 1586 3248; x_wconf 81' lang='lat' dir='ltr'><strong>grotiu</strong></span> <span class='ocrx_word' id='word_1_316' title='bbox 1609 3147 1741 3226; x_wconf 90' lang='lat' dir='ltr'><strong>omnis</strong></span> <span class='ocrx_word' id='word_1_317' title='bbox 1772 3147 1846 3228; x_wconf 86' lang='lat' dir='ltr'><strong>rire</strong></span> <span class='ocrx_word' id='word_1_318' title='bbox 1872 3154 1911 3226; x_wconf 90' lang='lat' dir='ltr'><strong>et</strong></span> <span class='ocrx_word' id='word_1_319' title='bbox 1931 3145 2126 3241; x_wconf 79' lang='lat' dir='ltr'><strong>reritttis‚</strong></span> <span class='ocrx_word' id='word_1_320' title='bbox 2153 3146 2195 3224; x_wconf 94' lang='lat' dir='ltr'><strong>in</strong></span> <span class='ocrx_word' id='word_1_321' title='bbox 2223 3168 2286 3224; x_wconf 92' lang='lat' dir='ltr'><strong>me</strong></span> 
     </span>
     <span class='ocr_line' id='line_1_68' title="bbox 1461 3250 2286 3356; baseline 0 -24"><span class='ocrx_word' id='word_1_322' title='bbox 1461 3253 1592 3332; x_wconf 92' lang='lat' dir='ltr'><strong>omnis</strong></span> <span class='ocrx_word' id='word_1_323' title='bbox 1619 3277 1710 3356; x_wconf 90' lang='lat' dir='ltr'><strong>spes</strong></span> <span class='ocrx_word' id='word_1_324' title='bbox 1736 3253 1826 3336; x_wconf 84' lang='lat' dir='ltr'><strong>vitae</strong></span> <span class='ocrx_word' id='word_1_325' title='bbox 1845 3261 1884 3333; x_wconf 93' lang='lat' dir='ltr'><strong>et</strong></span> <span class='ocrx_word' id='word_1_326' title='bbox 1907 3250 2075 3333; x_wconf 86' lang='lat' dir='ltr'><strong>rirtotis.</strong></span> <span class='ocrx_word' id='word_1_327' title='bbox 2104 3251 2286 3332; x_wconf 77' lang='lat' dir='ltr'><strong>Transire</strong></span> 
     </span>
     <span class='ocr_line' id='line_1_69' title="bbox 1461 3359 2285 3464; baseline 0.001 -25"><span class='ocrx_word' id='word_1_328' title='bbox 1461 3361 1513 3439; x_wconf 89' lang='lat' dir='ltr'><strong>ud</strong></span> <span class='ocrx_word' id='word_1_329' title='bbox 1531 3383 1595 3440; x_wconf 90' lang='lat' dir='ltr'><strong>me</strong></span> <span class='ocrx_word' id='word_1_330' title='bbox 1616 3383 1773 3459; x_wconf 89' lang='lat' dir='ltr'><strong>omues,</strong></span> <span class='ocrx_word' id='word_1_331' title='bbox 1800 3361 1869 3464; x_wconf 90' lang='lat' dir='ltr'><strong>qui</strong></span> <span class='ocrx_word' id='word_1_332' title='bbox 1889 3359 2175 3463; x_wconf 84' lang='lat' dir='ltr'><strong>concupiscitis</strong></span> <span class='ocrx_word' id='word_1_333' title='bbox 2202 3382 2285 3440; x_wconf 89' lang='lat' dir='ltr'><strong>me:</strong></span> 
     </span>
     <span class='ocr_line' id='line_1_70' title="bbox 1460 3467 2291 3572; baseline -0.004 -24"><span class='ocrx_word' id='word_1_334' title='bbox 1460 3477 1499 3548; x_wconf 91' lang='lat' dir='ltr'><strong>et</strong></span> <span class='ocrx_word' id='word_1_335' title='bbox 1528 3491 1550 3546; x_wconf 90' lang='lat' dir='ltr'><strong>u</strong></span> <span class='ocrx_word' id='word_1_336' title='bbox 1577 3469 1900 3572; x_wconf 81' lang='lat' dir='ltr'><strong>generationibus</strong></span> <span class='ocrx_word' id='word_1_337' title='bbox 1923 3469 2024 3547; x_wconf 89' lang='lat' dir='ltr'><strong>meis</strong></span> <span class='ocrx_word' id='word_1_338' title='bbox 2042 3467 2291 3570; x_wconf 76' lang='lat' dir='ltr'><strong>implemini,</strong></span> 
     </span>
     <span class='ocr_line' id='line_1_71' title="bbox 1459 3574 2289 3680; baseline -0.005 -23"><span class='ocrx_word' id='word_1_339' title='bbox 1459 3575 1623 3680; x_wconf 88' lang='lat' dir='ltr'><strong>spiritus</strong></span> <span class='ocrx_word' id='word_1_340' title='bbox 1651 3577 1757 3656; x_wconf 89' lang='lat' dir='ltr'><strong>enim</strong></span> <span class='ocrx_word' id='word_1_341' title='bbox 1793 3600 1904 3657; x_wconf 87' lang='lat' dir='ltr'><strong>meus</strong></span> <span class='ocrx_word' id='word_1_342' title='bbox 1929 3596 2051 3679; x_wconf 87' lang='lat' dir='ltr'><strong>super</strong></span> <span class='ocrx_word' id='word_1_343' title='bbox 2077 3574 2156 3653; x_wconf 90' lang='lat' dir='ltr'><strong>mel</strong></span> <span class='ocrx_word' id='word_1_344' title='bbox 2196 3575 2289 3655; x_wconf 92' lang='lat' dir='ltr'><strong>dul·</strong></span> 
     </span>
     <span class='ocr_line' id='line_1_72' title="bbox 1460 3684 2288 3785; baseline -0.001 -22"><span class='ocrx_word' id='word_1_345' title='bbox 1460 3686 1539 3783; x_wconf 90' lang='lat' dir='ltr'><strong>cis,</strong></span> <span class='ocrx_word' id='word_1_346' title='bbox 1563 3693 1602 3763; x_wconf 90' lang='lat' dir='ltr'><strong>et</strong></span> <span class='ocrx_word' id='word_1_347' title='bbox 1629 3685 1842 3765; x_wconf 83' lang='lat' dir='ltr'><strong>lraeroditus</strong></span> <span class='ocrx_word' id='word_1_348' title='bbox 1875 3707 1962 3764; x_wconf 85' lang='lat' dir='ltr'><strong>men</strong></span> <span class='ocrx_word' id='word_1_349' title='bbox 1991 3706 2113 3785; x_wconf 89' lang='lat' dir='ltr'><strong>super</strong></span> <span class='ocrx_word' id='word_1_350' title='bbox 2139 3684 2220 3763; x_wconf 92' lang='lat' dir='ltr'><strong>mel</strong></span> <span class='ocrx_word' id='word_1_351' title='bbox 2249 3694 2288 3762; x_wconf 88' lang='lat' dir='ltr'><strong>et</strong></span> 
     </span>
     <span class='ocr_line' id='line_1_73' title="bbox 1461 3790 2288 3893; baseline 0 -24"><span class='ocrx_word' id='word_1_352' title='bbox 1461 3791 1603 3873; x_wconf 82' lang='lat' dir='ltr'><strong>lurum.</strong></span> <span class='ocrx_word' id='word_1_353' title='bbox 1624 3792 1817 3873; x_wconf 83' lang='lat' dir='ltr'><strong>lllemorin</strong></span> <span class='ocrx_word' id='word_1_354' title='bbox 1841 3814 1930 3871; x_wconf 87' lang='lat' dir='ltr'><strong>meu</strong></span> <span class='ocrx_word' id='word_1_355' title='bbox 1952 3793 1992 3869; x_wconf 94' lang='lat' dir='ltr'><strong>in</strong></span> <span class='ocrx_word' id='word_1_356' title='bbox 2012 3790 2288 3893; x_wconf 79' lang='lat' dir='ltr'><strong>generationes</strong></span> 
     </span>
     <span class='ocr_line' id='line_1_74' title="bbox 1461 3898 2288 3999; baseline -0.001 -21"><span class='ocrx_word' id='word_1_357' title='bbox 1461 3900 1710 3981; x_wconf 83' lang='lat' dir='ltr'><strong>saeculorum.</strong></span> <span class='ocrx_word' id='word_1_358' title='bbox 1751 3901 1830 3999; x_wconf 83' lang='lat' dir='ltr'><strong>Qui</strong></span> <span class='ocrx_word' id='word_1_359' title='bbox 1862 3899 1987 3979; x_wconf 87' lang='lat' dir='ltr'><strong>edunt</strong></span> <span class='ocrx_word' id='word_1_360' title='bbox 2020 3920 2115 3994; x_wconf 89' lang='lat' dir='ltr'><strong>me,</strong></span> <span class='ocrx_word' id='word_1_361' title='bbox 2155 3898 2288 3979; x_wconf 83' lang='lat' dir='ltr'><strong>adhuc</strong></span> 
     </span>
     <span class='ocr_line' id='line_1_75' title="bbox 1461 4005 2288 4110; baseline -0.005 -23"><span class='ocrx_word' id='word_1_362' title='bbox 1461 4008 1636 4089; x_wconf 87' lang='lat' dir='ltr'><strong>esdrient</strong></span> <span class='ocrx_word' id='word_1_363' title='bbox 1656 4009 1783 4110; x_wconf 88' lang='lat' dir='ltr'><strong>etqui</strong></span> <span class='ocrx_word' id='word_1_364' title='bbox 1817 4007 1962 4087; x_wconf 90' lang='lat' dir='ltr'><strong>bibunt</strong></span> <span class='ocrx_word' id='word_1_365' title='bbox 1988 4028 2069 4102; x_wconf 92' lang='lat' dir='ltr'><strong>me,</strong></span> <span class='ocrx_word' id='word_1_366' title='bbox 2084 4005 2217 4086; x_wconf 85' lang='lat' dir='ltr'><strong>adhuc</strong></span> <span class='ocrx_word' id='word_1_367' title='bbox 2236 4008 2288 4084; x_wconf 92' lang='lat' dir='ltr'><strong>sl-</strong></span> 
     </span>
    </p>
   </div>
   <div class='ocr_carea' id='block_1_26' title="bbox 1461 4112 2445 4217">
    <p class='ocr_par' dir='ltr' id='par_1_37' title="bbox 1461 4112 2445 4217">
     <span class='ocr_line' id='line_1_76' title="bbox 1461 4112 2445 4217; baseline -0.002 -22"><span class='ocrx_word' id='word_1_368' title='bbox 1461 4117 1571 4199; x_wconf 88' lang='lat' dir='ltr'><strong>tient.</strong></span> <span class='ocrx_word' id='word_1_369' title='bbox 1604 4117 1683 4217; x_wconf 85' lang='lat' dir='ltr'><strong>Qui</strong></span> <span class='ocrx_word' id='word_1_370' title='bbox 1710 4114 1823 4195; x_wconf 81' lang='lat' dir='ltr'><strong>audit</strong></span> <span class='ocrx_word' id='word_1_371' title='bbox 1849 4138 1928 4213; x_wconf 91' lang='lat' dir='ltr'><strong>me,</strong></span> <span class='ocrx_word' id='word_1_372' title='bbox 1957 4134 2040 4193; x_wconf 90' lang='lat' dir='ltr'><strong>non</strong></span> <span class='ocrx_word' id='word_1_373' title='bbox 2069 4112 2287 4193; x_wconf 80' lang='lat' dir='ltr'><strong>contunde·</strong></span> <span class='ocrx_word' id='word_1_374' title='bbox 2444 4118 2445 4133; x_wconf 56' lang='lat'>¹</span> 
     </span>
    </p>
   </div>
   <div class='ocr_carea' id='block_1_27' title="bbox 1461 4222 2288 4326">
    <p class='ocr_par' dir='ltr' id='par_1_38' title="bbox 1461 4222 2288 4326">
     <span class='ocr_line' id='line_1_77' title="bbox 1461 4222 2288 4326; baseline -0.002 -23"><span class='ocrx_word' id='word_1_375' title='bbox 1461 4232 1546 4318; x_wconf 90' lang='lat' dir='ltr'><strong>tur;</strong></span> <span class='ocrx_word' id='word_1_376' title='bbox 1565 4225 1689 4326; x_wconf 88' lang='lat' dir='ltr'><strong>etqui</strong></span> <span class='ocrx_word' id='word_1_377' title='bbox 1709 4224 1926 4325; x_wconf 83' lang='lat' dir='ltr'><strong>operontur</strong></span> <span class='ocrx_word' id='word_1_378' title='bbox 1939 4222 1979 4300; x_wconf 91' lang='lat' dir='ltr'><strong>iu</strong></span> <span class='ocrx_word' id='word_1_379' title='bbox 1998 4242 2081 4318; x_wconf 89' lang='lat' dir='ltr'><strong>me,</strong></span> <span class='ocrx_word' id='word_1_380' title='bbox 2099 4242 2180 4299; x_wconf 93' lang='lat' dir='ltr'><strong>non</strong></span> <span class='ocrx_word' id='word_1_381' title='bbox 2200 4244 2288 4324; x_wconf 88' lang='lat' dir='ltr'><strong>pec·</strong></span> 
     </span>
    </p>
   </div>
   <div class='ocr_carea' id='block_1_28' title="bbox 1460 4328 2445 4449">
    <p class='ocr_par' dir='ltr' id='par_1_39' title="bbox 1460 4328 2445 4449">
     <span class='ocr_line' id='line_1_78' title="bbox 1460 4328 2445 4449; baseline -0.006 -38"><span class='ocrx_word' id='word_1_382' title='bbox 1460 4332 1616 4412; x_wconf 75' lang='lat' dir='ltr'><strong>elbum.</strong></span> <span class='ocrx_word' id='word_1_383' title='bbox 1648 4332 1728 4431; x_wconf 84' lang='lat' dir='ltr'><strong>Qui</strong></span> <span class='ocrx_word' id='word_1_384' title='bbox 1752 4330 1954 4410; x_wconf 85' lang='lat' dir='ltr'><strong>elocidunt</strong></span> <span class='ocrx_word' id='word_1_385' title='bbox 1978 4350 2061 4427; x_wconf 90' lang='lat' dir='ltr'><strong>me,</strong></span> <span class='ocrx_word' id='word_1_386' title='bbox 2088 4328 2210 4407; x_wconf 85' lang='lat' dir='ltr'><strong>ritum</strong></span> <span class='ocrx_word' id='word_1_387' title='bbox 2236 4350 2289 4408; x_wconf 78' lang='lat' dir='ltr'><strong>m·</strong></span> <span class='ocrx_word' id='word_1_388' title='bbox 2444 4392 2445 4449; x_wconf 9' lang='grc' dir='ltr'>ἰ</span> 
     </span>
    </p>
   </div>
   <div class='ocr_carea' id='block_1_29' title="bbox 1459 4438 2294 5277">
    <p class='ocr_par' dir='ltr' id='par_1_40' title="bbox 1460 4438 1848 4519">
     <span class='ocr_line' id='line_1_79' title="bbox 1460 4438 1848 4519; baseline -0.005 0"><span class='ocrx_word' id='word_1_389' title='bbox 1460 4438 1613 4519; x_wconf 80' lang='lat' dir='ltr'><strong>ternam</strong></span> <span class='ocrx_word' id='word_1_390' title='bbox 1634 4439 1848 4519; x_wconf 87' lang='lat' dir='ltr'><strong>hubobunt.</strong></span> 
     </span>
    </p>

    <p class='ocr_par' dir='ltr' id='par_1_41' title="bbox 1459 4544 2294 5277">
     <span class='ocr_line' id='line_1_80' title="bbox 1520 4544 2294 4645; baseline -0.006 -24"><span class='ocrx_word' id='word_1_391' title='bbox 1520 4547 1708 4645; x_wconf 69' lang='lat' dir='ltr'><strong>illleloin,</strong></span> <span class='ocrx_word' id='word_1_392' title='bbox 1752 4544 1923 4625; x_wconf 87' lang='lat' dir='ltr'><strong>ulleldiu.</strong></span> <span class='ocrx_word' id='word_1_393' title='bbox 1980 4546 2017 4641; x_wconf 72' lang='lat' dir='ltr'><strong>i.</strong></span> <span class='ocrx_word' id='word_1_394' title='bbox 2069 4545 2187 4625; x_wconf 86' lang='lat' dir='ltr'><strong>Num.</strong></span> <span class='ocrx_word' id='word_1_395' title='bbox 2238 4549 2294 4621; x_wconf 74' lang='lat' dir='ltr'><strong>li.</strong></span> 
     </span>
     <span class='ocr_line' id='line_1_81' title="bbox 1460 4650 2288 4760; baseline -0.006 -26"><span class='ocrx_word' id='word_1_396' title='bbox 1460 4655 1578 4760; x_wconf 81' lang='lat' dir='ltr'><strong>Virga</strong></span> <span class='ocrx_word' id='word_1_397' title='bbox 1607 4658 1718 4737; x_wconf 80' lang='lat' dir='ltr'><strong>lesse</strong></span> <span class='ocrx_word' id='word_1_398' title='bbox 1751 4655 1918 4736; x_wconf 90' lang='lat' dir='ltr'><strong>lloruit:</strong></span> <span class='ocrx_word' id='word_1_399' title='bbox 1944 4652 2065 4755; x_wconf 86' lang='lat' dir='ltr'><strong>Virgo</strong></span> <span class='ocrx_word' id='word_1_400' title='bbox 2092 4650 2222 4730; x_wconf 91' lang='lat' dir='ltr'><strong>Deum</strong></span> <span class='ocrx_word' id='word_1_401' title='bbox 2250 4658 2288 4729; x_wconf 89' lang='lat' dir='ltr'><strong>et</strong></span> 
     </span>
     <span class='ocr_line' id='line_1_82' title="bbox 1461 4758 2287 4869; baseline -0.01 -25"><span class='ocrx_word' id='word_1_402' title='bbox 1461 4764 1664 4844; x_wconf 90' lang='lat' dir='ltr'><strong>hominem</strong></span> <span class='ocrx_word' id='word_1_403' title='bbox 1689 4762 1824 4869; x_wconf 82' lang='lat' dir='ltr'><strong>gonuit</strong></span> <span class='ocrx_word' id='word_1_404' title='bbox 1851 4792 1859 4843; x_wconf 91' lang='lat'>:</span> <span class='ocrx_word' id='word_1_405' title='bbox 1891 4784 2029 4863; x_wconf 88' lang='lat' dir='ltr'><strong>pucem</strong></span> <span class='ocrx_word' id='word_1_406' title='bbox 2059 4760 2167 4839; x_wconf 86' lang='lat' dir='ltr'><strong>Deus</strong></span> <span class='ocrx_word' id='word_1_407' title='bbox 2200 4758 2287 4837; x_wconf 84' lang='lat' dir='ltr'><strong>rod·</strong></span> 
     </span>
     <span class='ocr_line' id='line_1_83' title="bbox 1461 4868 2287 4971; baseline -0.006 -22"><span class='ocrx_word' id='word_1_408' title='bbox 1461 4871 1583 4971; x_wconf 91' lang='lat' dir='ltr'><strong>didit,</strong></span> <span class='ocrx_word' id='word_1_409' title='bbox 1619 4872 1731 4951; x_wconf 91' lang='lat' dir='ltr'><strong>inse</strong></span> <span class='ocrx_word' id='word_1_410' title='bbox 1776 4868 2041 4951; x_wconf 83' lang='lat' dir='ltr'><strong>reconcilians</strong></span> <span class='ocrx_word' id='word_1_411' title='bbox 2072 4868 2154 4945; x_wconf 87' lang='lat' dir='ltr'><strong>ima</strong></span> <span class='ocrx_word' id='word_1_412' title='bbox 2180 4889 2287 4947; x_wconf 89' lang='lat' dir='ltr'><strong>sum·</strong></span> 
     </span>
     <span class='ocr_line' id='line_1_84' title="bbox 1460 4976 2285 5080; baseline -0.007 -21"><span class='ocrx_word' id='word_1_413' title='bbox 1460 4982 1549 5061; x_wconf 90' lang='lat' dir='ltr'><strong>mis.</strong></span> <span class='ocrx_word' id='word_1_414' title='bbox 1579 4981 1760 5061; x_wconf 75' lang='lat' dir='ltr'><strong>Allelriie.</strong></span> <span class='ocrx_word' id='word_1_415' title='bbox 1791 4984 1828 5080; x_wconf 70' lang='lat' dir='ltr'><strong>i.</strong></span> <span class='ocrx_word' id='word_1_416' title='bbox 1864 4980 1953 5059; x_wconf 81' lang='lat' dir='ltr'><strong>Luc</strong></span> <span class='ocrx_word' id='word_1_417' title='bbox 1982 4978 2118 5073; x_wconf 58' lang='lat' dir='ltr'><strong>imre,</strong></span> <span class='ocrx_word' id='word_1_418' title='bbox 2138 4976 2285 5071; x_wconf 85' lang='lat' dir='ltr'><strong>llleriu,</strong></span> 
     </span>
     <span class='ocr_line' id='line_1_85' title="bbox 1460 5082 2287 5195; baseline -0.007 -28"><span class='ocrx_word' id='word_1_419' title='bbox 1460 5089 1584 5195; x_wconf 83' lang='lat' dir='ltr'><strong>grotin</strong></span> <span class='ocrx_word' id='word_1_420' title='bbox 1609 5089 1762 5191; x_wconf 86' lang='lat' dir='ltr'><strong>plena:</strong></span> <span class='ocrx_word' id='word_1_421' title='bbox 1796 5084 1992 5169; x_wconf 88' lang='lat' dir='ltr'><strong>Dominus</strong></span> <span class='ocrx_word' id='word_1_422' title='bbox 2021 5092 2153 5165; x_wconf 89' lang='lat' dir='ltr'><strong>tecum</strong></span> <span class='ocrx_word' id='word_1_423' title='bbox 2181 5114 2188 5163; x_wconf 94' lang='lat'><strong>:</strong></span> <span class='ocrx_word' id='word_1_424' title='bbox 2215 5082 2287 5162; x_wconf 90' lang='lat' dir='ltr'><strong>be·</strong></span> 
     </span>
     <span class='ocr_line' id='line_1_86' title="bbox 1459 5190 2287 5277; baseline -0.005 -2"><span class='ocrx_word' id='word_1_425' title='bbox 1459 5197 1619 5277; x_wconf 85' lang='lat' dir='ltr'><strong>nedictu</strong></span> <span class='ocrx_word' id='word_1_426' title='bbox 1666 5204 1709 5277; x_wconf 91' lang='lat' dir='ltr'><strong>tu</strong></span> <span class='ocrx_word' id='word_1_427' title='bbox 1774 5197 1816 5275; x_wconf 93' lang='lat' dir='ltr'><strong>in</strong></span> <span class='ocrx_word' id='word_1_428' title='bbox 1856 5191 2104 5273; x_wconf 77' lang='lat' dir='ltr'><strong>mulieribus.</strong></span> <span class='ocrx_word' id='word_1_429' title='bbox 2181 5190 2287 5271; x_wconf 77' lang='lat' dir='ltr'><strong>Alle-</strong></span> 
     </span>
    </p>
   </div>
   <div class='ocr_carea' id='block_1_30' title="bbox 1473 5408 2296 5627">
    <p class='ocr_par' dir='ltr' id='par_1_42' title="bbox 1473 5408 2296 5627">
     <span class='ocr_line' id='line_1_87' title="bbox 1527 5408 2296 5515; baseline -0.016 -22"><span class='ocrx_word' id='word_1_430' title='bbox 1527 5418 1618 5495; x_wconf 75' lang='lat' dir='ltr'><strong>l‘cst</strong></span> <span class='ocrx_word' id='word_1_431' title='bbox 1646 5412 1821 5515; x_wconf 88' lang='lat' dir='ltr'><strong>Tempus</strong></span> <span class='ocrx_word' id='word_1_432' title='bbox 1847 5412 2057 5492; x_wconf 79' lang='lat' dir='ltr'><strong>Pasclrale:</strong></span> <span class='ocrx_word' id='word_1_433' title='bbox 2084 5408 2296 5491; x_wconf 79' lang='lat' dir='ltr'><strong>Grudunle.</strong></span> 
     </span>
     <span class='ocr_line' id='line_1_88' title="bbox 1473 5518 2286 5627; baseline -0.015 -16"><span class='ocrx_word' id='word_1_434' title='bbox 1473 5526 1702 5627; x_wconf 83' lang='lat' dir='ltr'><strong>llenedlcte,</strong></span> <span class='ocrx_word' id='word_1_435' title='bbox 1732 5537 1773 5609; x_wconf 90' lang='lat' dir='ltr'><strong>et</strong></span> <span class='ocrx_word' id='word_1_436' title='bbox 1800 5522 2039 5607; x_wconf 83' lang='lat' dir='ltr'><strong>venerobilis</strong></span> <span class='ocrx_word' id='word_1_437' title='bbox 2079 5544 2144 5621; x_wconf 88' lang='lat' dir='ltr'><strong>es,</strong></span> <span class='ocrx_word' id='word_1_438' title='bbox 2173 5518 2286 5623; x_wconf 84' lang='lat' dir='ltr'><strong>virgo</strong></span> 
     </span>
    </p>
   </div>
   <div class='ocr_carea' id='block_1_31' title="bbox 1456 5627 2317 5959">
    <p class='ocr_par' dir='ltr' id='par_1_43' title="bbox 1456 5627 2317 5959">
     <span class='ocr_line' id='line_1_89' title="bbox 1456 5627 2287 5741; baseline -0.018 -22"><span class='ocrx_word' id='word_1_439' title='bbox 1456 5635 1583 5719; x_wconf 85' lang='lat' dir='ltr'><strong>Merln</strong></span> <span class='ocrx_word' id='word_1_440' title='bbox 1602 5669 1610 5719; x_wconf 90' lang='lat'><strong>:</strong></span> <span class='ocrx_word' id='word_1_441' title='bbox 1631 5660 1722 5741; x_wconf 86' lang='lat' dir='ltr'><strong>qure</strong></span> <span class='ocrx_word' id='word_1_442' title='bbox 1754 5636 1840 5717; x_wconf 89' lang='lat' dir='ltr'><strong>sine</strong></span> <span class='ocrx_word' id='word_1_443' title='bbox 1866 5642 1974 5715; x_wconf 84' lang='lat' dir='ltr'><strong>tuctu</strong></span> <span class='ocrx_word' id='word_1_444' title='bbox 1998 5628 2192 5735; x_wconf 91' lang='lat' dir='ltr'><strong>pudoris,</strong></span> <span class='ocrx_word' id='word_1_445' title='bbox 2223 5627 2287 5705; x_wconf 90' lang='lat' dir='ltr'><strong>in·</strong></span> 
     </span>
     <span class='ocr_line' id='line_1_90' title="bbox 1457 5736 2285 5839; baseline -0.014 -13"><span class='ocrx_word' id='word_1_446' title='bbox 1457 5748 1574 5829; x_wconf 80' lang='lat' dir='ltr'><strong>ronta</strong></span> <span class='ocrx_word' id='word_1_447' title='bbox 1606 5771 1649 5827; x_wconf 88' lang='lat' dir='ltr'><strong>es</strong></span> <span class='ocrx_word' id='word_1_448' title='bbox 1677 5754 1803 5825; x_wconf 84' lang='lat' dir='ltr'><strong>meter</strong></span> <span class='ocrx_word' id='word_1_449' title='bbox 1832 5741 2061 5825; x_wconf 78' lang='lat' dir='ltr'><strong>salvatoris.</strong></span> <span class='ocrx_word' id='word_1_450' title='bbox 2106 5740 2140 5817; x_wconf 77' lang='lat' dir='ltr'><strong>t.</strong></span> <span class='ocrx_word' id='word_1_451' title='bbox 2163 5736 2285 5839; x_wconf 83' lang='lat' dir='ltr'><strong>Virgo</strong></span> 
     </span>
     <span class='ocr_line' id='line_1_91' title="bbox 1457 5844 2317 5959; baseline -0.012 -22"><span class='ocrx_word' id='word_1_452' title='bbox 1457 5857 1532 5937; x_wconf 91' lang='lat' dir='ltr'><strong>Dei</strong></span> <span class='ocrx_word' id='word_1_453' title='bbox 1559 5856 1745 5959; x_wconf 77' lang='lat' dir='ltr'><strong>genitrix,</strong></span> <span class='ocrx_word' id='word_1_454' title='bbox 1779 5873 1899 5957; x_wconf 92' lang='lat' dir='ltr'><strong>quem</strong></span> <span class='ocrx_word' id='word_1_455' title='bbox 1926 5858 2033 5931; x_wconf 87' lang='lat' dir='ltr'><strong>lotus</strong></span> <span class='ocrx_word' id='word_1_456' title='bbox 2063 5868 2144 5927; x_wconf 91' lang='lat' dir='ltr'><strong>non</strong></span> <span class='ocrx_word' id='word_1_457' title='bbox 2178 5844 2317 5945; x_wconf 82' lang='lat' dir='ltr'><strong>capit.</strong></span> 
     </span>
    </p>
   </div>
   <div class='ocr_carea' id='block_1_32' title="bbox 667 6060 1693 6168">
    <p class='ocr_par' dir='ltr' id='par_1_44' title="bbox 667 6060 1693 6168">
     <span class='ocr_line' id='line_1_92' title="bbox 667 6060 1693 6168; baseline 0.014 -31"><span class='ocrx_word' id='word_1_458' title='bbox 667 6082 738 6140; x_wconf 89' lang='lat' dir='ltr'><strong>nes</strong></span> <span class='ocrx_word' id='word_1_459' title='bbox 755 6060 900 6144; x_wconf 84' lang='lat' dir='ltr'><strong>dlrites</strong></span> <span class='ocrx_word' id='word_1_460' title='bbox 924 6066 1086 6168; x_wconf 86' lang='lat' dir='ltr'><strong>plebis:</strong></span> <span class='ocrx_word' id='word_1_461' title='bbox 1113 6070 1368 6153; x_wconf 83' lang='lat' dir='ltr'><strong>udducontur</strong></span> <span class='ocrx_word' id='word_1_462' title='bbox 1454 6085 1541 6157; x_wconf 88' lang='lat' dir='ltr'><strong>utus</strong></span> <span class='ocrx_word' id='word_1_463' title='bbox 1558 6070 1693 6152; x_wconf 90' lang='lat' dir='ltr'><strong>homo.</strong></span> 
     </span>
    </p>
   </div>
   <div class='ocr_carea' id='block_1_33' title="bbox 538 5951 2286 6253">
    <p class='ocr_par' dir='ltr' id='par_1_45' title="bbox 538 5951 2286 6253">
     <span class='ocr_line' id='line_1_93' title="bbox 538 5951 2286 6253; baseline -0.001 -222"><span class='ocrx_word' id='word_1_464' title='bbox 538 5958 903 6253; x_wconf 71' lang='lat' dir='ltr'><strong>veterrimum</strong></span> <span class='ocrx_word' id='word_1_465' title='bbox 932 5951 1367 6062; x_wconf 85' lang='lat' dir='ltr'><strong>deprecsbonturom·</strong></span> <span class='ocrx_word' id='word_1_466' title='bbox 1457 5965 1587 6061; x_wconf 86' lang='lat' dir='ltr'><strong>orbis,</strong></span> <span class='ocrx_word' id='word_1_467' title='bbox 1625 5966 1667 6041; x_wconf 94' lang='lat' dir='ltr'><strong>in</strong></span> <span class='ocrx_word' id='word_1_468' title='bbox 1695 5972 1763 6045; x_wconf 90' lang='lat' dir='ltr'><strong>tuu</strong></span> <span class='ocrx_word' id='word_1_469' title='bbox 1797 5984 1840 6041; x_wconf 90' lang='lat' dir='ltr'><strong>se</strong></span> <span class='ocrx_word' id='word_1_470' title='bbox 1866 5958 2010 6039; x_wconf 87' lang='lat' dir='ltr'><strong>cluusit</strong></span> <span class='ocrx_word' id='word_1_471' title='bbox 2041 5954 2195 6037; x_wconf 86' lang='lat' dir='ltr'><strong>rlsceru</strong></span> <span class='ocrx_word' id='word_1_472' title='bbox 2226 5953 2286 6029; x_wconf 85' lang='lat' dir='ltr'><strong>la-</strong></span> 
     </span>
    </p>
   </div>
   <div class='ocr_carea' id='block_1_34' title="bbox 658 6168 1365 6283">
    <p class='ocr_par' dir='ltr' id='par_1_46' title="bbox 658 6168 1365 6283">
     <span class='ocr_line' id='line_1_94' title="bbox 658 6168 1365 6283; baseline 0.024 -38"><span class='ocrx_word' id='word_1_473' title='bbox 658 6168 741 6271; x_wconf 72' lang='lat' dir='ltr'><strong>regi</strong></span> <span class='ocrx_word' id='word_1_474' title='bbox 768 6170 939 6273; x_wconf 75' lang='lat' dir='ltr'><strong>rlrgines</strong></span> <span class='ocrx_word' id='word_1_475' title='bbox 968 6186 1062 6276; x_wconf 88' lang='lat' dir='ltr'><strong>post</strong></span> <span class='ocrx_word' id='word_1_476' title='bbox 1086 6199 1175 6259; x_wconf 89' lang='lat' dir='ltr'><strong>enm</strong></span> <span class='ocrx_word' id='word_1_477' title='bbox 1197 6208 1208 6260; x_wconf 72' lang='grc' dir='ltr'><strong><em>ε</em></strong></span> <span class='ocrx_word' id='word_1_478' title='bbox 1229 6181 1365 6283; x_wconf 86' lang='lat' dir='ltr'><strong>proxi·</strong></span> 
     </span>
    </p>
   </div>
   <div class='ocr_carea' id='block_1_35' title="bbox 1510 6172 2284 6278">
    <p class='ocr_par' dir='ltr' id='par_1_47' title="bbox 1510 6172 2284 6278">
     <span class='ocr_line' id='line_1_95' title="bbox 1510 6172 2284 6278; baseline -0.014 -21"><span class='ocrx_word' id='word_1_479' title='bbox 1510 6176 1694 6278; x_wconf 79' lang='lat' dir='ltr'><strong>Alleloiu,</strong></span> <span class='ocrx_word' id='word_1_480' title='bbox 1722 6175 1891 6258; x_wconf 86' lang='lat' dir='ltr'><strong>elleldiu.</strong></span> <span class='ocrx_word' id='word_1_481' title='bbox 1918 6174 1955 6251; x_wconf 76' lang='lat' dir='ltr'><strong>i.</strong></span> <span class='ocrx_word' id='word_1_482' title='bbox 1987 6172 2081 6255; x_wconf 83' lang='lat' dir='ltr'><strong>Post</strong></span> <span class='ocrx_word' id='word_1_483' title='bbox 2105 6176 2284 6273; x_wconf 78' lang='lat' dir='ltr'><strong>partum,</strong></span> 
     </span>
    </p>
   </div>
   <div class='ocr_carea' id='block_1_36' title="bbox 0 0 2674 7200">
    <p class='ocr_par' dir='ltr' id='par_1_48' title="bbox 0 0 2674 7200">
     <span class='ocr_line' id='line_1_96' title="bbox 0 0 2674 7200; baseline 0 0"><span class='ocrx_word' id='word_1_484' title='bbox 0 0 2674 7200; x_wconf 95' lang='lat' dir='ltr'><strong> </strong></span> 
     </span>
    </p>
   </div>
  </div>
 </body>
</html>
