5325 7200
1058 839 1127 918 hio
1147 840 1225 940 iiij.
1252 842 1277 917 l'
1281 844 1467 921 elpharii.
2091 870 2132 942 tt

610 1022 669 1077 oth
688 1022 764 1076 l'lll.
789 1022 987 1079 resilienti.

459 1144 942 1313 consummabitis
961 1230 1005 1312 r.
1028 1229 1081 1312 u.
1098 1232 1145 1310 v.

574 1318 778 1403 lntroitus.
800 1334 951 1419 Psalm.
970 1343 1033 1419 ll.

498 1477 519 1502 ι»
530 1477 550 1504 J»
568 1467 653 1524 unm
669 1444 796 1549 gldria
813 1451 898 1548 ejus
915 1447 1008 1528 hliae
1027 1446 1145 1551 Regis
1160 1444 1213 1524 ab

587 1553 710 1652 intus,
730 1554 772 1632 in
798 1554 1119 1637 amplissumis
1136 1554 1213 1633 ca-

580 1660 1100 1875 tldtthd'tltlt
1115 1660 1213 1871 ,tt

386 1894 488 1980 eam,
500 1876 693 1977 preximae
710 1878 794 1978 eJ'us
811 1876 1026 1958 afferentur
1043 1876 1128 1957 tibi.
1146 1860 1208 1938 Pi·

392 1970 588 2065 tructam
606 2004 827 2065 cormeum
844 1985 1010 2066 verbum
1031 1984 1180 2068 honum
1198 2016 1207 2065 ε

385 2086 476 2168 dico
485 2112 557 2193 ego
568 2090 692 2195 epora
701 2080 1208 2264 ηὸθαίῒὶεὲὶᾶὓίὁνὶεΡεῖτί.

757 2208 799 2265 ra
820 2208 869 2266 ro.

386 2310 671 2493 Oumrorms,
703 2306 944 2411 sempiterne
984 2309 1106 2409 Deus,
1140 2308 1210 2415 qui

470 2416 511 2493 in
528 2414 660 2495 Corde
676 2414 803 2496 hehtae
820 2416 955 2498 Mariae
972 2418 1135 2521 virginis
1153 2420 1211 2500 di-

380 2522 505 2621 gnum
542 2520 715 2623 Spiritus
758 2522 892 2604 Sancti
938 2524 1209 2607 hahiteculum

384 2628 656 2731 preparasti:
695 2630 868 2711 concede
909 2633 1120 2735 propitius,
1166 2647 1210 2717 ut

383 2734 560 2835 ejdsdem
580 2732 783 2837 purissimi
802 2738 943 2818 Cordis
960 2738 1208 2823 festivitetem

382 2840 522 2923 deveta
551 2852 685 2923 mente
702 2844 952 2944 ¹recolentes,
989 2848 1206 2931 secdndum

382 2950 586 3031 Cortuum
600 2950 728 3030 rivere
744 2952 958 3033 valeemus.
981 2955 1055 3034 Per
1073 2956 1208 3038 Demi·

384 3080 524 3136 num...
542 3058 583 3135 in
602 3058 752 3137 unithte
764 3058 957 3159 ejdsdem.

434 3154 563 3245 lectio
576 3165 668 3243 libri
687 3166 913 3270 Sapientiae.
934 3158 1044 3236 Citii·
1064 3161 1098 3237 8-
1118 3160 1154 3237 l)-

452 3296 517 3350 our
543 3296 609 3351 me
635 3281 677 3351 ut
712 3274 958 3376 signeculum
985 3302 1104 3381 super
1139 3304 1208 3360 cor

465 3388 596 3477 tuum,
626 3386 672 3459 ut
696 3380 945 3483 signeeulum
973 3401 1094 3485 snper
1117 3386 1208 3465 bre·

381 3486 514 3567 chium
532 3496 646 3566 tuum
668 3516 677 3564 :
698 3488 789 3589 quia
816 3488 930 3570 fortis
961 3501 1081 3571 estut
1099 3516 1208 3573 mors

382 3594 554 3694 dilectio,
572 3594 672 3675 dura
684 3596 785 3676 sicut
797 3596 1205 3681 infernusaemuletiot

382 3699 586 3808 lempades
620 3707 706 3805 ejus
735 3703 941 3808 lempades
969 3707 1071 3808 ignis
1088 3715 1209 3810 atque

382 3809 644 3889 hammerum.
664 3811 789 3912 Aquae
807 3811 943 3893 multae
970 3837 1050 3894 non
1070 3815 1209 3918 potue-

382 3925 472 3998 runt
500 3917 728 4021 extinguere
754 3919 1001 4018 charitetem,
1034 3944 1107 4001 nec
1135 3922 1207 4002 ut-

381 4024 488 4104 mina
503 4023 679 4105 dhruent
695 4022 808 4102 illam
832 4055 840 4103 :
860 4026 895 4106 si
913 4026 1068 4108 dederit
1086 4031 1207 4110 homo

378 4153 539 4213 omnem
562 4130 826 4212 substantiam
852 4133 997 4215 domus
1025 4159 1107 4217 suae
1132 4160 1207 4240 pro

379 4242 590 4321 dilectiene
626 4240 741 4341 quasi
760 4241 860 4320 nihil
886 4242 1080 4344 despiciet
1104 4269 1205 4325 eam.

427 4302 637 4420 Graduoie.
660 4339 752 4440 Sap.
777 4343 809 4415 i.
835 4339 1209 4452 hrhrlmquinetum

379 4458 419 4535 in
462 4477 552 4535 eam
597 4451 781 4532 incdrrit.
816 4453 977 4536 Candor
1016 4467 1076 4538 est
1110 4459 1209 4538 lucis

377 4563 547 4659 aterne,
566 4567 606 4640 ct
622 4557 827 4662 speculum
846 4561 931 4641 sine
961 4563 1117 4644 merula
1136 4566 1209 4645 Dei

382 4669 615 4852 pagesmtig,
631 4677 685 4854 Fet
710 4665 1206 4857 iniiilgcitbmmistssiii}

382 4838 414 4868 ‚.
471 4795 550 4851 an.
600 4834 606 4848 .
651 4795 781 4878 ,gor
861 4797 1070 4874 omeo,e
1140 4805 1209 4855 t·

376 4897 462 4966 ctus
474 4907 588 4964 meus
602 4882 791 4983 mihi‚qui
811 4883 1097 4985 pesciturinter
1111 4887 1206 4965 lilia.

416 4985 964 5089 alletuiqalleliisi.Luct.
988 4994 1211 5096 lllagnificat

375 5101 506 5181 enima
519 5122 609 5178 mea
622 5097 857 5176 Deminum:
872 5108 911 5177 et
927 5100 1113 5179 exulterit
1130 5104 1209 5202 spi-

377 5203 1204 5292 ritusmeusinDeosaluterimeoelleliia.

380 5309 596 5416 Sequentia
623 5319 750 5398 sancti
770 5312 969 5416 Evangelii
987 5313 1206 5394 scoriadam

590 5421 749 5503 Lucam.
773 5421 868 5519 Cap.
890 5419 925 5494 ⁶2.
946 5441 980 5517 g.

418 5553 440 5607 n
459 5528 529 5608 illo
543 5527 726 5631 tempore
743 5561 752 5610 :
770 5531 879 5612 Dixit
892 5531 1019 5610 Mater
1041 5529 1135 5610 Jesu
1151 5531 1203 5608 ad

378 5545 412 5718 l
433 5635 573 5716 illum:
595 5637 624 5714 F
624 5637 683 5736 ili,
712 5639 809 5742 quid
826 5637 952 5718 fecisti
971 5638 1088 5717 nohis
1111 5635 1203 5715 sic?

377 5739 474 5822 Ecce
489 5745 606 5822 Pater
622 5753 716 5826 tuus
732 5755 774 5828 et
793 5768 865 5850 ego
891 5745 1071 5824 dolentes
1097 5767 1203 5846 quae-

377 5849 562 5929 rebdmns
587 5859 640 5931 te.
660 5853 720 5933 ht
733 5854 791 5934 nit
808 5852 859 5932 ad
878 5851 995 5932 illos:
1018 5851 1125 5950 Quid
1141 5861 1202 5931 est

375 5956 482 6054 quod
496 5979 561 6036 me
575 5961 830 6060 quaerebetis:
845 5959 1201 6061 Nesciehetis,quin

375 6060 413 6137 in
431 6064 495 6144 his
508 6087 597 6166 quae
616 6067 744 6147 Patris
763 6067 838 6147 mei
859 6077 950 6147 sunt
968 6066 1125 6170 opertet
1136 6088 1200 6144 me

372 6172 1194 6274 essellitipsinonintellexerunt-uerbum,

1305 1021 1414 1122 quod
1440 1022 1595 1104 locdtus
1613 1034 1673 1105 est
1687 1027 1740 1104 ad
1757 1051 1838 1109 eos.
1857 1028 1906 1108 Et
1931 1026 2137 1107 descendit

1303 1151 1394 1207 cum
1414 1130 1530 1228 cisat
1541 1130 1647 1211 venit
1662 1130 1854 1215 Nezareth
1870 1162 1878 1214 :
1893 1143 2028 1214 eierat
2044 1134 2136 1215 silb-

1303 1232 1410 1315 ditus
1428 1236 1518 1317 illis.
1544 1239 1594 1315 Et
1610 1236 1742 1334 Mater
1766 1244 1850 1343 ejus
1877 1240 2137 1321 conservehat

1301 1342 1565 1425 emniaverba
1582 1346 1666 1426 haec
1684 1347 1726 1423 in
1744 1349 1864 1428 corde
1884 1371 1968 1428 suo.
1986 1340 2132 1428 Credo.

1355 1435 1626 1523 Offertorium.
1648 1442 1785 1525 iudith
1829 1448 1883 1525 tt.
1909 1448 2019 1543 Quia
2044 1456 2136 1533 fecl-

1302 1557 1352 1638 sti
1383 1558 1570 1661 viriliter,
1600 1568 1640 1642 et
1664 1560 1928 1644 confortetum
1962 1571 2022 1642 est
2065 1585 2135 1641 cor

1302 1674 1416 1747 tuum
1439 1696 1447 1745 :
1468 1668 1558 1749 ideo
1577 1678 1776 1750 almanus
1795 1670 1957 1750 Demini
1976 1669 2133 1749 confor-

1301 1772 1397 1855 tevit
1415 1783 1467 1875 te,
1484 1786 1523 1857 et
1541 1778 1620 1858 eris
1635 1778 1847 1955 genedleta
1860 1778 1900 1855 in
1918 1777 2127 1857 aeternum.

1648 1876 1807 1955 'cereta

1299 1996 1550 2171 Musarum
1568 2000 1663 2090 ture,
1688 1990 1874 2088 Demine,
1894 1988 2050 2093 rignum
2063 1990 2135 2068 im-

1398 2096 2132 2198 maculetumofferentes‚quesumus,

1301 2199 2136 2308 utcormnostraignisilledivinusaecen-

1299 2302 1454 2412 dat,qui
1473 2308 1553 2392 Cor
1566 2312 1691 2392 hetta
1710 2310 1844 2392 llarlae
1857 2310 2019 2413 virginis
2036 2309 2134 2389 inel-

1299 2414 1471 2497 fahiliter
1487 2418 1759 2499 inflammevit.
1782 2420 1857 2498 Per
1875 2417 2106 2497 Deminum.

1355 2512 1548 2595 l'iaesssiiO·
1576 2520 1621 2607 Et
1641 2536 1678 2607 te
1705 2528 1746 2604 in
1772 2524 1980 2605 festivitate
2005 2522 2133 2603 betta

1300 2630 1436 2713 llariae
1455 2634 1642 2735 Virginis.

1358 2728 1611 2811 Communia.
1636 2736 1748 2813 Cant.
1771 2736 1806 2807 t.
1827 2734 1907 2817 Suh
1925 2736 2069 2815 umbra
2086 2738 2133 2817 il-

1298 2842 1376 2925 lius
1393 2869 1513 2947 quem
1536 2842 1856 2929 desidereveram
1875 2842 1975 2943 sedi,
1995 2854 2035 2925 et
2051 2846 2133 2926 sru-

1296 2962 1382 3033 ctus
1402 2958 1486 3055 ejus
1500 2956 1629 3036 dulcis
1642 2954 1791 3059 ghtturi
1807 2976 1907 3031 meo.

1546 3056 1880 3137 postcommunio.

1302 3180 1486 3354 Druna
1515 3170 1649 3253 relecti
1667 3166 1902 3249 muneribus
1920 3176 1972 3263 te,
1993 3164 2131 3245 Demi-

1397 3300 1460 3375 ne,
1481 3280 1712 3383 suppliciter
1730 3276 1954 3368 exoremus
1976 3282 2020 3352 ut
2037 3273 2130 3353 hee-

1296 3379 1349 3457 tae
1365 3381 1500 3463 lilarlae
1517 3385 1681 3487 virginis
1700 3378 1999 3475 intercessione,
2016 3382 2129 3481 eujus

1298 3488 1502 3589 purissimi
1523 3490 1666 3571 Cordis
1685 3488 1880 3571 solemnia
1902 3482 2129 3565 venerendo

1297 3592 1465 3696 egimus,
1486 3596 1793 3700 apraesentihus
1814 3592 2003 3698 periculis
2030 3591 2128 3670 libe·

1299 3702 1389 3802 reti,
1427 3705 1586 3786 aeternae
1614 3706 1703 3786 vitm
1736 3703 1879 3806 geudia
1909 3697 2129 3801 conseque-

1299 3832 1402 3890 mur.
1425 3813 1500 3892 Per
1517 3815 1748 3902 Deminum.

1448 4041 1567 4099 noum
1593 4044 1651 4098 nm
1679 4045 1754 4098 run
1778 4044 1975 4098 nnunrmn.

1353 4125 1430 4207 Pro
1454 4149 1557 4206 com.
1581 4127 1621 4206 S.
1644 4129 1835 4227 Stephani
1854 4129 2031 4226 nubatis,
2055 4131 2121 4210 Or·

1300 4236 1405 4316 dinis
1425 4233 1796 4422 Grandimogtopsis
1819 4235 2075 4316 institutoris.

1677 4363 1718 4418 m
1740 4365 1790 4420 ro.

1303 4476 1450 4646 Dara,
1470 4455 1538 4557 qui
1554 4455 1725 4558 perlecta
1749 4453 2044 4538 ambulentium
2057 4485 2124 4542 co

1391 4587 1477 4642 ram
1508 4573 1546 4642 te
1574 4563 1776 4664 protector
1810 4585 1866 4660 es,
1902 4572 1940 4642 et
1972 4589 2126 4647 meroes

1299 4685 1442 4774 magna
1460 4668 1659 4748 nimiszda
1676 4669 1791 4748 nohis
1809 4667 1913 4748 heeti
1933 4671 2125 4775 Stephani

1299 4777 1463 4858 hhhitis
1477 4775 1759 4856 intercessidne
1775 4783 1813 4854 et
1826 4776 2125 4880 exemplo,tem-

1298 4885 1451 4990 porelia
1468 4883 1685 4985 despicere,
1706 4891 1744 4962 et
1757 4881 1809 4960 ad
1826 4893 1864 4962 te
1882 4893 1963 4964 tota
1982 4887 2126 4966 mentis

1298 4993 1519 5074 intentione
1545 4990 1742 5168 lestibpere.
1776 4991 1850 5070 Per
1885 4991 2117 5074 lldminum.

1652 5099 1793 5170 cereta.

1372 5232 1489 5302 arnna,
1522 5229 1765 5309 quesumus,
1799 5207 1970 5287 Demine
1999 5208 2122 5286 uirtui-

1387 5325 1472 5396 tum
1496 5313 1731 5410 coelestium,
1755 5315 1862 5394 Deus
1881 5343 1892 5406 ;
1914 5325 1958 5394 ut
1973 5313 2123 5392 sacriti-

1291 5419 1354 5498 cia
1375 5447 1448 5524 pro
1467 5421 1591 5502 salicti
1620 5421 1809 5524 Stephani
1830 5421 1995 5500 hhhetis
2022 5419 2123 5500 sole-

1293 5529 1457 5609 mnitete
1476 5539 1553 5607 tuae
1572 5529 1766 5630 lilajesteti
1795 5528 1942 5624 oblita,
1963 5535 2004 5606 et
2019 5526 2124 5606 desi-

1290 5631 1446 5714 derium
1464 5635 1684 5738 temporhle
1698 5657 1771 5714 nos
1785 5633 1956 5714 deceant
1972 5633 2123 5714 habere

1289 5740 1576 5846 contemptum,
1593 5751 1632 5821 et
1657 5741 1811 5821 ambira
1841 5739 1948 5820 dona
1978 5740 2124 5824 liciam

1285 5845 1506 5929 coelestium
1522 5845 1771 5951 gaudidrum.
1794 5849 1869 5928 Per
1887 5847 2118 5928 Dominum.

1540 5949 1882 6030 postcommunio.

1293 6077 1487 6249 Paosmr
1515 6059 1644 6159 nohis,
1665 6083 1909 6165 quesumus,
1932 6061 2119 6160 Demine,

1387 6168 1633 6272 frequentiis
1664 6169 1885 6272 mysteria:
1917 6193 2005 6274 quae
2032 6193 2118 6266 nos,
