5325 7200
1128 1125 1227 1169 um
1246 1124 1388 1170 PROPRIA!
1408 1123 1555 1168 moecesm
1575 1123 1791 1168 oecumenem

724 1246 760 1317 in
782 1247 938 1316 montem
962 1240 1154 1314 0liudrum.
1179 1240 1298 1314 Secdli
1319 1246 1402 1314 sunl

620 1422 623 1435 ,
725 1355 842 1422 aulem
868 1346 969 1419 illum
995 1355 1030 1420 et
1054 1346 1226 1441 discipuli.
1255 1347 1298 1418 nt
1320 1367 1402 1418 cum

621 1498 623 1507 =
726 1454 934 1551 pervenisset
961 1451 1005 1524 ad
1030 1452 1161 1536 locum,
1185 1451 1272 1524 dixit
1294 1451 1399 1523 illis:

621 1642 624 1661 ,
727 1561 844 1642 Omle,
875 1581 918 1630 ne
945 1558 1078 1630 inlrdlis
1103 1557 1139 1628 in
1161 1559 1400 1632 leniatidnem.

621 1676 623 1687 '
726 1667 770 1738 El
785 1665 857 1760 ipse
875 1662 1014 1734 avulsus
1029 1671 1080 1736 est
1095 1663 1213 1753 abeis,
1231 1670 1403 1760 quantum

621 1821 624 1841 .
722 1773 838 1868 juclus
851 1776 902 1842 esl
915 1767 1053 1864 lepidis,
1072 1776 1107 1842 el
1123 1769 1241 1866 positis
1258 1767 1405 1866 genibus

728 1875 849 1951 ordbol
861 1873 983 1947 dicens
999 1903 1007 1945 ε
1022 1873 1137 1962 Poler,
1148 1873 1175 1947 si
1186 1875 1246 1966 ris,
1260 1874 1406 1948 transfer

622 1988 625 2073 ᾗ
728 1981 873 2056 cilicem
897 1981 1000 2052 islum
1021 2003 1041 2052 a
1060 2003 1116 2054 me
1137 2012 1145 2051 ι
1167 1983 1404 2052 verumtamen

622 2090 625 2133 ²
729 2113 801 2162 non
831 2109 910 2160 mea
941 2085 1113 2172 voluntas,
1145 2087 1206 2160 sed
1237 2095 1296 2160 luo
1328 2086 1403 2159 fiat.

623 2268 625 2285 ,
729 2194 898 2292 dppdruit
937 2199 1053 2265 aulem
1088 2192 1139 2264 illi
1173 2193 1328 2291 Angelus
1364 2191 1408 2266 dc

729 2301 829 2385 coelo,
851 2297 1053 2372 conldrtans
1069 2321 1163 2370 eum.
1185 2300 1228 2370 El
1245 2299 1356 2372 lucius
1372 2299 1407 2370 in

730 2408 867 2506 agonia,
891 2404 1059 2500 prolixius
1077 2405 1209 2480 orihel.
1232 2405 1277 2478 Et
1298 2405 1409 2478 lactus

730 2523 781 2588 est
800 2511 906 2585 sudor
924 2513 1012 2606 ejus,
1033 2511 1121 2583 sicul
1139 2519 1245 2608 gullae
1268 2511 1409 2608 singui-

731 2621 785 2692 nis
808 2617 1023 2690 decurrentis
1046 2617 1082 2689 in
1110 2625 1251 2689 terram.
1279 2615 1405 2690 Credo.

782 2721 1023 2822 offertorium.
1040 2719 1170 2794 Psalm.
1188 2727 1248 2795 68.
1266 2721 1408 2794 Salvum

732 2857 788 2907 me
802 2833 868 2916 lac,
880 2831 973 2904 Ileus
988 2860 996 2902 :
1014 2831 1180 2927 quoniam
1195 2831 1410 2904 intraverunt

733 2961 834 3038 aquae
850 2961 961 3035 usque
974 2937 1186 3010 od‘dnimam
1204 2959 1332 3010 meam.

991 3047 1145 3116 secreto.

809 3174 883 3225 urus
896 3150 1006 3224 suncti
1021 3150 1179 3223 sacrificii
1196 3150 1340 3242 monilis,
1356 3149 1410 3223 lac

627 3252 629 3265 '
733 3177 808 3336 H
833 3282 908 3346 nos,
937 3280 1137 3355 quesumus
1162 3257 1321 3342 deine,
1357 3257 1411 3330 di-

733 3368 814 3439 uino
845 3365 1061 3437 inslilulidne
1092 3364 1257 3437 lormlnos
1288 3385 1409 3436 cumm

732 3473 899 3547 orationis
913 3478 982 3543 lum
998 3471 1184 3544 ellicdciler
1194 3469 1406 3565 impendere,

733 3586 773 3653 ul
811 3577 981 3652 Dominus
1020 3583 1136 3651 noster
1172 3577 1271 3650 lesus
1308 3576 1411 3650 Chri·

732 3694 807 3759 stus
828 3684 936 3759 Filius
954 3693 1035 3758 tuus
1055 3685 1092 3756 in
1112 3684 1204 3757 exilu
1227 3692 1346 3757 nostro
1368 3686 1412 3756 vl-

733 3792 833 3891 giles,
858 3800 892 3864 et
914 3815 934 3865 u
959 3791 1063 3889 culpa
1087 3790 1219 3865 solutos
1244 3790 1407 3863 inveniat.

734 3900 801 3989 Qui
819 3908 947 3973 lecum.

783 4004 1410 4103 PraefoliodeCruce,p.l97ue1220.

784 4114 1002 4190 Gommrrnio·
1023 4114 1148 4187 Manli.
1168 4118 1227 4187 26.
1253 4113 1410 4211 Vigildle,

735 4230 769 4296 et
795 4223 903 4307 criste,
928 4229 1060 4295 utnon
1088 4221 1220 4293 iniretis
1245 4220 1281 4291 in
1306 4226 1415 4293 lenie-

633 4413 636 4440 .
735 4330 868 4402 lidnem
887 4357 894 4399 :
913 4328 1062 4423 Spiritus
1076 4325 1218 4423 quidem
1232 4332 1415 4423 promptus

736 4447 800 4521 est,
818 4441 1029 4507 comantem
1045 4434 1196 4505 inllrmu.

635 4609 637 4624 ,
923 4535 1221 4609 Poslcommum'o.

635 4703 637 4734 ,
807 4668 921 4719 ernon
941 4642 1106 4717 alimonia
1128 4641 1259 4715 coloso
1280 4642 1416 4739 suppli·

635 4751 638 4784 ²
739 4672 806 4831 R
832 4774 888 4825 ces
911 4758 945 4824 le
969 4750 1144 4848 rogemus,
1172 4750 1276 4823 Pater
1299 4750 1413 4823 omni-

636 4897 638 4962 3
738 4868 874 4959 polens,
904 4865 943 4930 ul
971 4881 1032 4953 per
1059 4857 1232 4955 Unigenili
1259 4856 1338 4929 Filii
1365 4856 1417 4929 lui

636 5005 639 5034 ι
740 4965 1417 5051 Orationisvirmlem,nosintannscor-

636 5139 640 5160 ,
740 5076 833 5172 poris
849 5080 884 5147 el
902 5074 1028 5144 dnimoe
1046 5071 1207 5169 periculis
1225 5072 1415 5160 eonslilirli,

741 5180 786 5255 nd
804 5179 958 5253 coeleslia
977 5200 1083 5276 regna
1101 5179 1221 5252 secure
1242 5180 1418 5274 pervenire

741 5284 1200 5361 meredmur.Pererimdem
1213 5285 1414 5359 Dominum.

638 5547 641 5568 ι
740 5508 838 5561 unuln
863 5506 911 5557 ul.
938 5506 1019 5557 POST
1043 5504 1164 5557 DOlle.
1191 5504 1415 5555 SEXAGESIMAE.

901 5623 936 5673 lli
948 5620 1262 5673 couneuonnrmne

811 5716 874 5791 SS.
895 5714 1121 5790 Pnssrouls
1136 5713 1178 5786 D.
1196 5712 1237 5785 N.
1254 5712 1285 5785 l.
1304 5712 1344 5785 C.

789 5824 896 5897 Misso
908 5820 1122 5908 llumilidrit,
1140 5819 1254 5893 uotiua
1274 5817 1318 5890 de
1337 5822 1420 5892 Pus·

639 5941 642 5956 '
739 5931 848 6017 none,
865 5954 900 6027 p.
920 5928 1007 6026 xliij.

1507 1364 1761 1528 Oumeomus
1778 1344 1985 1440 sempiterne
1997 1344 2102 1434 Deus
2123 1349 2184 1446 qui

1600 1450 1901 1548 humduogeneri,
1918 1449 2184 1527 adimildndum

1509 1555 1715 1628 humilitatis
1735 1553 1949 1680 exemplum,
1970 1553 2184 1629 Solratdrem

1510 1671 1666 1737 nostrum
1681 1685 1821 1736 curnem
1834 1663 1984 1754 sumere,
2000 1671 2034 1735 el
2046 1685 2186 1738 crucem

1510 1769 1626 1844 subire
1651 1769 1760 1842 iecisti
1788 1798 1797 1840 :
1826 1768 1976 1844 concode
1994 1771 2182 1866 propitium

1510 1883 1548 1948 ut
1566 1877 1654 1948 sicul
1673 1875 1863 1950 solemnem
1885 1877 2186 1950 commemoratio·

1512 2005 1592 2057 nem
1605 1973 1775 2055 Passionis
1789 1983 1865 2078 ejus
1882 1981 2097 2055 celebremus
2114 2013 2122 2068 ;
2139 1983 2188 2056 ila

1511 2096 1545 2160 el
1578 2088 1752 2184 polientiae
1786 2087 1891 2183 ipsius
1923 2087 2051 2162 habere
2082 2087 2189 2162 docu-

1512 2199 1642 2278 mento,
1672 2201 1707 2267 et
1733 2193 1993 2268 resurrectidnis
2016 2195 2189 2269 consdrlia

1512 2301 1722 2374 meredmur.
1740 2299 1806 2372 Per
1820 2299 1996 2374 erlmdem.

1561 2409 1606 2480 m
1626 2403 1753 2478 dicitur
1772 2405 1946 2488 (lucdono
1969 2406 2128 2504 Proefutio
2145 2405 2189 2479 de

1512 2517 1629 2598 Cruce,
1646 2537 1681 2610 p.
1703 2518 1768 2585 197
1785 2509 1838 2584 vel
1853 2518 1936 2585 220.

1637 2729 1735 2780 remu
1752 2729 1794 2778 u.
1813 2729 1894 2780 rosr
1909 2729 2055 2780 emenus.

1777 2853 1923 2904 mresro
2025 2829 2031 2840 '

1628 2953 1691 3028 SS.
1706 2953 1878 3028 SPlNEAE
1892 2953 2086 3028 CORONAE

1585 3092 1701 3142 nourur
1720 3091 1838 3160 uosrnr
1864 3091 1938 3142 ruso
1964 3091 2110 3144 cuumrr.

1672 3192 1853 3266 Introdus.
1872 3195 1973 3268 Caret.
1993 3195 2028 3266 3.

1614 3315 1978 3404 ouunmmnelridele,
1991 3317 2074 3392 llliae
2087 3317 2186 3402 Sion,

1515 3339 1614 3605 E
1638 3445 1753 3520 regem
1772 3422 1994 3498 Salomdnem
2016 3424 2051 3496 in
2074 3423 2191 3498 diade·

1639 3535 1743 3615 mate,
1761 3552 1831 3627 quo
1844 3531 2109 3605 coronirrileum
2118 3549 2192 3605 ma-

1515 3644 1567 3711 ter
1592 3662 1667 3723 sue,
1698 3660 1824 3733 parans
1848 3636 1996 3711 Crucem
2021 3638 2190 3713 Salrutdri

1515 3768 1591 3818 suo.
1627 3741 1756 3817 Psolm.
1789 3748 1823 3817 8.
1854 3742 1972 3819 Gloria
1996 3753 2031 3817 et
2058 3745 2192 3819 hondre

1515 3851 1685 3927 coronlsli
1701 3874 1796 3941 eum,
1813 3852 1959 3927 Domine
1979 3882 1987 3925 ε
2009 3860 2044 3927 el
2064 3855 2193 3929 consti-

1518 3959 1612 4031 tuisti
1642 3982 1722 4031 eum
1753 3982 1857 4054 super
1885 3961 1991 4055 opera
2020 3961 2191 4035 mdnuum

1517 4066 1668 4139 tudrum.
1686 4064 1721 4143 rl.
1739 4064 1855 4139 Gloria
1872 4065 1976 4139 Patri.

1787 4171 1920 4245 Oratio.

1578 4301 1704 4363 neers,
1742 4299 1942 4373 quesumus
1972 4278 2193 4375 omnipotens

1603 4385 1696 4459 Deus
1729 4411 1737 4453 :
1770 4384 1896 4480 utqui
1925 4384 1960 4455 in
1989 4385 2194 4459 memoriam

1520 4490 1685 4587 passienis
1703 4488 1842 4561 Domini
1864 4488 1970 4563 uoslri
1992 4490 2070 4563 lesu
2094 4489 2195 4563 Chri·

1520 4598 1562 4670 sti
1585 4596 1759 4670 Cordum
1781 4596 1856 4693 ejus
1878 4596 2032 4691 spineam
2057 4597 2196 4671 renem-
2293 4669 2295 4682 ,

1520 4728 1599 4779 mur
1614 4704 1649 4775 in
1666 4703 1776 4789 lerris,
1799 4702 1841 4775 ab
1857 4703 1932 4799 ipso
1946 4701 2068 4799 glorio,
2087 4710 2121 4777 el
2135 4705 2195 4779 ho

1522 4814 1604 4885 nore
1627 4808 1784 4883 coroudri
1810 4808 2007 4881 meredmur
2026 4807 2061 4879 in
2084 4806 2192 4881 coelis.

1519 4918 1589 5007 Qui
1604 4924 1730 4991 lecum.

1570 5034 1626 5106 Fit
1642 5030 1935 5105 Commemoratis
1947 5028 2060 5103 Ferioe
2071 5044 2103 5101 et
2116 5026 2196 5127 lepi-

1522 5158 1579 5215 tur
1592 5138 1747 5233 ejsudem
1759 5134 1990 5235 Evonpelium
2001 5135 2039 5209 in
2052 5134 2136 5229 fisce.

1521 5266 1637 5340 Lectio
1651 5262 1728 5337 libri
1742 5261 1939 5357 Sapienliae.
1961 5264 2058 5333 dont.
2077 5262 2097 5331 3
2110 5272 2143 5331 et
2158 5264 2194 5331 l.

1523 5708 1567 5783 nd
1584 5708 1675 5782 belle
1688 5708 1874 5781 doctissimi
1896 5734 1903 5777 ε
1924 5704 2199 5800 uniuscujusque

1523 5815 1613 5889 ensis
1649 5838 1752 5912 super
1783 5815 1898 5889 lemur
1927 5834 2029 5885 suurn
2061 5816 2200 5907 pmplor

1524 5924 1664 5997 umores
1683 5928 1871 5996 nocturnos
1909 5916 2095 5993 Ferculum
2118 5914 2200 5989 lecrl

1876 5976 1883 5991 Ι

1233 6142 2138 6157 *Μ

2294 6211 2297 6226 l

1358 6227 2304 6247 —..-.—.—-..—-—-—-—-———-—·‘·r

2301 4923 2305 5165 l

1523 5414 1559 5571 Ι
1584 5410 1733 5463 ecruuuu
1781 5384 1978 5461 Salomonis
2022 5384 2197 5482 sexaginta
2295 5411 2305 5494 Ι·

1552 5524 1582 5571 J
1610 5496 1714 5569 sortes
1745 5494 1904 5568 dmbiunl
1934 5515 1974 5566 ex
2007 5491 2199 5566 fortissimis
2295 5509 2305 5544 ¹¹

1522 5602 1625 5675 lsrael
1648 5628 1655 5671 ε
1678 5622 1799 5675 omnes
1817 5602 1972 5673 tenentes
1993 5596 2138 5697 glddios',
2163 5604 2199 5670 et
2295 5641 2297 5652 =

2302 5983 2304 6108 l
