5325 7200
554 806 600 884 re
1125 789 1202 891 nie
1227 802 1332 913 maj.
1352 812 1428 889 ex.
1446 837 1506 889 xx.
1527 814 1586 913 ep
1620 808 1729 890 terri.

814 980 1111 1037 ullulantium.

585 1072 624 1155 S.
646 1065 856 1151 comitti
876 1070 945 1151 DE
964 1066 1169 1167 LELLlS,
1190 1066 1340 1150 CONF.

610 1180 745 1277 Missa,
764 1177 956 1281 llejerem
987 1180 1063 1258 hae
1096 1174 1381 1275 diiectienem,

561 1300 604 1369 ut
622 1290 661 1365 in
681 1290 842 1367 liissnli.

605 1396 650 1474 in
695 1396 815 1477 illissa
848 1398 981 1477 volita
1020 1410 1111 1499 posi
1148 1400 1377 1499 Soptnapes

555 1506 713 1610 omissis
732 1504 902 1585 Allelirin
919 1513 958 1585 el
970 1508 1004 1589 ri.
1021 1512 1215 1611 sequenti,
1233 1508 1381 1586 dicitur

560 1612 736 1693 'linctus
775 1612 833 1691 l's.
866 1618 945 1693 lii.
995 1614 1144 1695 Beelus
1180 1612 1272 1711 vir,
1307 1611 1377 1715 qni

547 1722 661 1802 timet
684 1720 938 1802 Deminum:
970 1720 1011 1801 in
1049 1720 1249 1803 mandetis
1290 1722 1376 1821 ejus

546 1829 657 1932 eupit
687 1826 822 1907 nimis.
860 1830 897 1909 ir.
924 1826 1070 1908 Potens
1098 1827 1139 1907 in
1167 1826 1375 1909 terruerit

546 1956 682 2016 semen
712 1938 826 2037 ejus:
858 1934 1059 2037 genereiio
1077 1936 1279 2017 reeterum
1305 1934 1375 2015 be·

546 2041 765 2122 nedieetur.
789 2046 826 2123 l.
846 2042 983 2123 Gleria
1000 2050 1040 2122 el
1058 2042 1206 2123 divitiae
1235 2042 1276 2119 in
1294 2042 1375 2122 do·

547 2172 616 2229 mo
641 2152 727 2253 ejus
757 2159 828 2229 :el
857 2150 1013 2249 justitia
1048 2154 1135 2253 ejus
1162 2156 1297 2229 manet
1329 2151 1372 2230 in

546 2258 738 2339 saeeulnm
764 2256 911 2339 saeeuli.

599 2366 793 2469 Tempore
813 2366 946 2445 l'osolr.
979 2358 1174 2461 Allelirin,
1200 2362 1370 2443 alleldia.

550 2476 588 2557 l.
629 2474 733 2575 illiti.
760 2473 911 2554 Bellus
936 2473 1021 2569 vir,
1053 2472 1123 2575 qui
1149 2474 1263 2551 timet
1287 2470 1371 2551 De·

540 2580 692 2659 minum
720 2606 729 2657 :
758 2578 1027 2689 inmunditiis
1057 2583 1143 2689 ejus
1167 2578 1283 2689 eupit
1309 2578 1370 2657 ni·

539 2688 625 2765 mis.
649 2686 832 2767 Alleiiria.
858 2692 894 2773 p,
917 2688 1034 2769 Osee.
1058 2695 1113 2768 il.
1129 2688 1267 2767 Juslus
1285 2710 1369 2790 ger·

537 2796 706 2874 minebil
739 2796 843 2876 sicul
877 2795 1006 2875 illium
1035 2826 1043 2875 ε
1076 2804 1115 2875 et
1142 2796 1300 2877 florebit
1326 2796 1366 2873 in

536 2902 731 2983 niernum
758 2914 849 2984 ante
874 2904 1106 2989 Dominum.
1134 2904 1314 2986 Allelrlia.

818 3107 878 3161 lllll
895 3108 974 3162 xlx.
994 3110 1098 3164 JULil.

561 3192 599 3275 S.
626 3194 895 3277 VINCDNTil
925 3194 1162 3295 dPAULO,
1183 3196 1332 3279 CONF.

596 3305 733 3405 lilaea,
750 3306 769 3387 l
780 3310 892 3383 ustus
913 3310 957 3383 ul
974 3302 1125 3406 palma,
1161 3320 1205 3393 ut
1222 3314 1261 3391 ln
1280 3314 1374 3394 illis·

544 3414 628 3493 sali.

817 3619 878 3672 nra
896 3618 958 3670 xx.
978 3619 1085 3673 runi.

620 3693 660 3773 S.
680 3693 976 3774 HIERONYllli
994 3693 1269 3796 AElllLleNl,

822 3823 1070 3880 eonrrssonrs.

600 3907 951 4012 illesa,lliii1sum
977 3917 1037 3988 est
1063 3908 1103 3988 in
1130 3917 1312 4010 terram
1329 3927 1369 4004 jn

547 4019 709 4100 llissaii.

815 4225 875 4280 ors
893 4223 972 4280 aar.
987 4227 1091 4282 loru.

622 4303 661 4387 S.
682 4298 925 4386 DANlELlS
943 4305 1253 4412 PROPHETAE,

821 4439 1060 4496 conressoms.
1191 4441 1193 4452 ¹

719 4531 925 4614 iutroilus.
943 4523 1079 4606 Pwlm·
1100 4531 1182 4608 118.

629 4653 788 4719 oonrarn
823 4631 874 4710 de
914 4633 1155 4714 testimeniis
1197 4637 1276 4717 luis
1315 4638 1356 4716 in

532 4643 861 4930 Leonspeetu
898 4763 1060 4842 regum,
1088 4752 1127 4822 et
1157 4767 1237 4824 non
1265 4769 1358 4826 eon·

644 4844 854 4944 fundebam,
873 4855 912 4926 et
940 4849 1167 4930 meditebar
1186 4854 1226 4932 in
1247 4879 1355 4934 man·

530 4949 633 5033 detis
650 4954 739 5052 luis,
757 4978 847 5057 quae
865 4953 985 5036 dilexi
1004 4957 1134 5037 nimis.
1174 4970 1234 5050 l‘s.
1255 4963 1356 5050 Bee-

529 5057 559 5138 tl
594 5057 838 5142 immaculeti
874 5064 913 5141 in
941 5064 1023 5160 rin,
1051 5065 1120 5168 qui
1147 5067 1355 5150 embnlant

529 5167 1028 5276 inlegedeininfildria
1055 5172 1174 5252 Petri.

876 5291 1033 5372 Oratio.

608 5403 691 5479 aus,
717 5381 786 5483 qui
811 5405 885 5463 nos
921 5384 1026 5466 beati
1054 5387 1231 5470 Danielis
1251 5389 1355 5471 Con·

621 5489 783 5570 iessdris
800 5490 857 5570 tui
880 5492 1011 5573 innua
1026 5495 1276 5578 solemnitele
1293 5501 1355 5580 la»

527 5597 873 5679 tilleas:eonoede
903 5601 1132 5704 propitium
1165 5613 1208 5685 ut
1239 5609 1353 5709 eujus

527 5705 706 5784 natalitia
723 5705 910 5804 eelimus,
936 5708 1055 5788 eliam
1071 5711 1248 5792 aotieues
1267 5715 1352 5794 imi·

530 5811 670 5892 lemur.
699 5813 772 5892 Per
791 5812 1022 5897 Deminum.

597 5921 738 6012 Lectio
758 5922 935 6003 Danielis
954 5924 1174 6028 Prophetm.
1187 5965 1222 6020 ο,
1248 5947 1305 6020 Μ,

537 6051 603 6226 In
629 6030 771 6112 diebus
793 6031 871 6112 iliis
887 6059 896 6109 ε
915 6031 1148 6140 Congregeli
1164 6043 1257 6118 sunt
1283 6039 1355 6119 Ba·

597 6139 751 6244 hylenii
771 6139 823 6220 ad
850 6157 1007 6245 regem,
1026 6152 1066 6224 et
1089 6144 1276 6228 dixerunt
1292 6149 1351 6228 ei:

1465 944 1594 1034 Trade
1630 954 1748 1037 nobis
1775 952 1997 1056 Danielem,
2023 961 2094 1063 qui
2127 960 2199 1044 Bel
2232 962 2307 1043 de·

1463 1060 1624 1160 struxit,
1640 1072 1681 1143 et
1705 1062 1924 1149 dracenem
1954 1068 2177 1163 interiecit3
2199 1071 2302 1151 alie

1465 1168 1564 1269 quin
1609 1172 1898 1257 interficiemus
1940 1182 2005 1274 te,
2052 1186 2095 1256 et
2126 1177 2299 1258 domum

1468 1288 1591 1363 luam.
1628 1280 1738 1361 Vidit
1771 1306 1866 1387 ergo
1891 1308 1985 1381 rex,
2027 1286 2140 1388 quod
2167 1287 2300 1367 irrde·

1461 1397 1553 1471 rent
1584 1389 1625 1467 in
1658 1410 1750 1469 eum
1776 1394 2035 1473 vehementer
2058 1422 2068 1472 :
2089 1402 2130 1473 et
2158 1416 2296 1475 neees-

1460 1498 1579 1577 silele
1605 1496 1840 1599 eompdlsus
1867 1500 2035 1581 tredidit
2064 1500 2125 1580 eis
2147 1502 2297 1582 Danie-

1459 1604 1552 1684 lem.
1573 1604 1653 1705 Qui
1670 1606 1867 1688 miserunt
1886 1630 1979 1688 eum
2000 1608 2041 1687 in
2059 1608 2195 1688 laeum
2212 1609 2297 1691 lee

1458 1731 1582 1810 num,
1612 1720 1762 1793 eierat
1789 1715 1847 1794 ihi
1879 1716 2025 1795 diebus
2051 1737 2133 1794 sex.
2165 1716 2293 1797 Porro

1456 1820 1497 1898 in
1527 1820 1758 1901 innuerent
1783 1822 1924 1903 lednes
1962 1830 2118 1926 septem
2136 1882 2148 1920 ,
2165 1830 2207 1903 et
2220 1824 2294 1905 da·

1455 1928 1605 2009 beatur
1626 1930 1686 2009 eis
1712 1928 1795 2012 duo
1826 1931 2000 2034 edrpora
2026 1929 2229 2033 quotidie,
2252 1942 2294 2013 et

1454 2033 1546 2114 duae
1572 2046 1741 2131 oves3et
1770 2046 1867 2118 tune
1884 2062 1966 2118 non
1985 2038 2080 2117 data
2108 2046 2204 2117 sunt
2232 2040 2292 2118 eis

1453 2149 1498 2223 ut
1527 2143 1763 2227 devorerent
1786 2146 2004 2227 Danielem.
2032 2146 2125 2223 Erat
2143 2154 2290 2247 antem,

1454 2252 1647 2333 liehaone
1668 2255 1869 2358 Propheta
1888 2256 1930 2333 iu
1954 2252 2117 2351 tuder,
2143 2255 2288 2358 etipse

1452 2360 1613 2442 nexerat
1629 2363 1902 2465 pulmentum,
1930 2370 1971 2443 et
1987 2362 2197 2443 intriverat
2213 2388 2284 2467 pa·

1451 2492 1522 2551 nes
1546 2471 1588 2550 in
1612 2471 1766 2552 alveolo
1788 2482 1855 2552 :et
1882 2472 1968 2550 ibat
1996 2472 2036 2548 in
2064 2492 2284 2574 eampum,

1450 2586 1497 2657 ut
1519 2578 1639 2660 ferret
1664 2579 1921 2662 messeribns.
1949 2578 2139 2680 Dixitque
2156 2579 2283 2683 tinge·

1450 2686 1513 2766 lus
1537 2688 1702 2770 Demini
1730 2690 1785 2769 ad
1811 2688 2002 2768 Hebaeue
2022 2716 2031 2765 :
2055 2686 2132 2765 Fer
2162 2692 2282 2789 pren-

1451 2795 1589 2888 dium,
1635 2797 1746 2897 quod
1783 2794 1923 2894 hahes,
1955 2795 1996 2873 in
2027 2792 2279 2895 Babyienem

1451 2903 1626 3001 Danieli,
1657 2906 1725 3010 qui
1754 2906 1871 2984 estin
1901 2905 1990 2982 laon
2020 2902 2203 2982 leennm.
2234 2906 2281 2986 Et

1450 3010 1552 3093 dixit
1578 3012 1770 3093 Hebacue
1789 3040 1797 3089 :
1816 3010 2278 3113 nominenominee

1448 3143 1529 3201 non
1567 3121 1678 3218 vidi,
1699 3130 1739 3201 et
1770 3120 1902 3201 lacurn
1943 3120 2091 3199 neseio.
2124 3120 2175 3199 Et
2209 3146 2280 3227 ap-

1448 3230 1662 3333 prehendit
1695 3252 1787 3311 enm
1825 3228 1998 3330 Angelus
2033 3226 2200 3307 Demini
2236 3234 2276 3311 in

1447 3338 1593 3419 vertice
1611 3342 1715 3441 ejus,
1745 3346 1784 3417 et
1814 3334 1988 3440 porterit
2016 3357 2108 3414 enm
2127 3338 2277 3439 capilio

1448 3446 1590 3551 cepitis
1613 3447 1693 3545 sui,
1711 3448 1924 3549 posuitque
1945 3464 2037 3523 eum
2070 3444 2113 3521 in
2149 3444 2275 3549 Baby·

1446 3554 1581 3638 lenem
1605 3578 1727 3659 snpra
1756 3554 1888 3634 lacum
1919 3553 1960 3630 in
1985 3550 2139 3654 impetu
2156 3553 2276 3656 spiri·

1447 3673 1511 3746 tus
1541 3663 1615 3745 sni.
1654 3665 1705 3744 Et
1733 3662 1921 3746 elamevit
1954 3661 2174 3759 liehanos,
2208 3662 2274 3742 di·

1446 3796 1540 3854 eens
1560 3803 1569 3852 :
1588 3772 1729 3852 Dimiel
1759 3795 1870 3851 serre
1898 3769 1993 3862 Dei,
2027 3767 2125 3848 tolie
2153 3771 2273 3871 pren·

1446 3879 1582 3978 dium,
1609 3879 1721 3982 qnod
1748 3879 1858 3957 misit
1885 3877 1960 3956 tibi
1984 3876 2105 3956 Dens.
2140 3879 2191 3958 lli
2216 3881 2272 3960 ait
2444 3912 2445 3919 Ν

1444 3987 1586 4068 Driniei
1604 4017 1613 4066 ε
1633 3986 1879 4068 Recordetus
1899 4009 1941 4065 es
1961 3984 2056 4082 mei,
2076 3984 2202 4084 Deus,
2231 3999 2270 4070 et

1445 4118 1524 4176 non
1554 4095 1804 4198 dereliquisti
1847 4092 2058 4195 diligentes
2086 4101 2136 4172 te.
2172 4097 2268 4176 Sur·

1443 4203 1618 4308 gensque
1650 4201 1790 4303 Deniel
1816 4200 2002 4281 eomedit.
2038 4199 2165 4281 Porro
2183 4203 2268 4286 An·

1442 4312 1552 4417 gelus
1570 4311 1732 4392 Demini
1752 4309 1926 4389 restituit
1951 4307 2145 4388 Hdbaonc
2173 4333 2266 4392 oon·

1440 4420 1573 4500 festim
1607 4419 1648 4496 in
1682 4418 1774 4498 loeo
1804 4438 1890 4497 suo.
1916 4416 2034 4513 Venit
2066 4439 2163 4522 ergo
2197 4443 2265 4501 rex

1441 4527 1507 4608 die
1535 4525 1731 4629 septimo,
1765 4533 1810 4604 ut
1835 4523 1988 4628 lugeret
2015 4524 2261 4606 Danielem:

1440 4643 1480 4716 et
1501 4636 1610 4714 venit
1635 4633 1688 4712 ad
1715 4632 1866 4730 laeum,
1883 4639 1925 4711 et
1941 4631 2207 4736 introspexit,
2224 4643 2264 4716 et

1438 4767 1531 4826 ecee
1551 4741 1690 4822 Diniei
1709 4739 1853 4822 sedens
1875 4741 1916 4818 in
1936 4739 2069 4820 medio
2087 4740 2260 4824 leeunm.

1439 4853 1494 4932 Et
1518 4847 1752 4931 exclament
1780 4871 1877 4929 voce
1905 4869 2048 4949 magna
2077 4871 2148 4930 rex
2169 4879 2179 4930 ε
2203 4852 2261 4931 di·

1437 4984 1531 5041 oens
1551 4989 1561 5040 ε
1579 4957 1746 5062 lisgnus
1771 4981 1838 5062 es,
1858 4956 2032 5036 delne
2059 4957 2169 5038 Deus
2188 4955 2262 5040 Da·

1435 5069 1564 5150 nieiis.
1592 5069 1642 5146 Et
1663 5065 1829 5147 extrerit
1857 5089 1949 5146 eum
1980 5065 2031 5144 de
2060 5065 2151 5146 laen
2182 5069 2261 5150 lee

1436 5199 1544 5258 num.
1570 5176 1695 5256 Porro
1713 5176 1816 5273 ilios,
1834 5175 1904 5278 qui
1918 5174 2158 5278 perditionis
2175 5180 2260 5278 eius

1437 5307 1558 5365 cansa
1584 5283 1764 5379 iderant,
1782 5280 2003 5362 intromisit
2031 5281 2073 5360 in
2100 5282 2257 5364 lacum:

1437 5401 1477 5473 et
1502 5389 1679 5472 devoreti
1711 5400 1803 5471 aunt
1821 5390 1861 5470 in
1887 5389 2093 5470 momento
2120 5413 2258 5472 eoram

1440 5522 1499 5579 eo.
1517 5499 1628 5579 'iuno
1651 5521 1717 5578 rex
1734 5498 1790 5576 ait
1807 5523 1816 5573 :
1836 5497 2010 5579 Pereunt
2036 5519 2178 5578 omnes
2195 5500 2263 5579 ira·

1436 5607 1609 5686 iritdntes
1632 5606 1674 5683 in
1700 5605 1885 5686 universa
1901 5616 2007 5686 terra
2034 5605 2165 5684 Deum
2189 5605 2262 5686 Da·

1437 5713 1578 5793 nielis·:
1597 5713 1695 5817 quia
1723 5713 1809 5815 ipse
1825 5721 1888 5792 est
1902 5713 2089 5810 salvetur,
2110 5711 2260 5794 ieeieus

1437 5822 1549 5925 signa
1574 5831 1614 5902 et
1640 5821 1841 5900 mirabilia
1872 5822 1913 5900 in
1945 5833 2070 5912 terrm
2101 5821 2173 5922 qui
2206 5823 2260 5900 ii-

1438 5929 1592 6010 bertarit
1623 5927 1832 6008 Danielem
1851 5929 1902 6009 de
1919 5929 2011 6008 lacu
2028 5927 2206 6008 leenum.

1501 6047 1713 6130 Gradnaie.
1738 6049 1796 6127 i's.
1820 6053 1882 6128 ili.
1912 6044 2109 6126 lustusut
2125 6037 2260 6140 palma

1438 6143 1623 6240 llorelrit;
1646 6143 1751 6226 siout
1771 6143 1916 6226 cedrus
1945 6143 2108 6243 Libani,
2128 6145 2260 6228 multi·
