5325 7200
748 1111 799 1172 12*
1138 1123 1237 1167 unsar
1256 1121 1398 1166 enorum
1418 1121 1565 1167 nroecmrs
1584 1123 1822 1191 arraurmasrs„
2297 952 2301 1127 l

747 1240 1026 1318 bonitdtisillius.
1047 1239 1083 1317 l.
1105 1242 1206 1311 Garat.
1225 1243 1261 1311 a.
1282 1239 1421 1336 Egodi·
1524 1241 1624 1336 cujus
1667 1241 1844 1314 Puriasimi
1884 1241 2005 1315 (bardis
2034 1243 2205 1318 solemnia
2308 1188 2312 1301 i

747 1351 836 1422 lecto
854 1370 946 1435 meo,
968 1355 1003 1421 et
1022 1345 1170 1418 dilectus
1194 1368 1294 1418 meus
1315 1345 1417 1427 mibi,
1525 1345 1720 1418 venerenda
1745 1347 1893 1443 egimus,
1925 1371 1946 1420 a
1978 1349 2206 1444 praesentibus

746 1457 806 1552 qui
821 1455 973 1550 pescitur
987 1453 1077 1524 inter
1086 1451 1172 1524 lilia.
1191 1450 1357 1546 dllelvija,
1375 1449 1422 1522 al·
1526 1451 1685 1546 periculis
1704 1451 1850 1538 liberie,
1868 1458 2007 1526 aeternae
2026 1455 2103 1527 vitae
2122 1456 2206 1552 geu·

746 1561 866 1656 lelrija.
880 1559 916 1636 vl.
937 1564 1020 1631 Luc.
1044 1560 1078 1628 1.
1093 1557 1289 1655 Magnificat
1305 1556 1422 1628 anima
1526 1557 1584 1630 dia
1601 1560 1869 1655 consequemur.
1891 1559 1956 1632 Per
1974 1561 2176 1634 Deminum.
2303 1650 2304 1659 ἵ

746 1687 824 1736 mea
846 1664 1035 1736 lldminum
1065 1691 1073 1734 ε
1105 1670 1140 1735 et
1167 1662 1332 1735 exultavit
1358 1663 1423 1756 spi·
1575 1668 1757 1737 dammam.
1772 1667 1964 1739 Dominicoe
1977 1669 2203 1741 uccrurcutia.
2303 1666 2305 1759 ζ

744 1771 833 1841 ritus
863 1792 963 1841 meus
992 1770 1028 1841 in
1057 1769 1130 1841 Deo
1159 1768 1299 1842 salutari
1327 1791 1417 1840 nreo.
1579 1772 1743 1845 Ultimum
1756 1779 1890 1870 Earunp.
1911 1776 2048 1846 Domin.
2066 1801 2202 1848 occurr.
2303 1764 2305 1783 ¹

1604 2109 1778 2184 FESTUM
1803 2111 2125 2189 Md'l'ERNlTleS

1652 2231 1907 2302 nnnruuanrn
1932 2233 2077 2284 vrncrurs

2313 2218 2315 2267 t

1673 2321 1851 2394 lutroitus.
1874 2321 2053 2397 Setiulius.

1527 2457 1704 2727 Serva,
1717 2443 1834 2508 sarreia
1845 2437 1985 2524 Parens,
1996 2441 2208 2534 enixapuer·

1631 2565 1713 2636 pera
1732 2543 1860 2640 Regem
1879 2569 1886 2612 τ
1904 2543 2122 2638 querulum,
2140 2550 2207 2614 ter-

771 2103 963 2178 secundum
1001 2104 1147 2176 Lucam.
1185 2105 1272 2172 Luc.
1308 2105 1342 2172 2.
1377 2125 1398 2198 9

786 2253 807 2302 rv
825 2228 887 2301 illo
904 2232 1084 2323 tempore:
1107 2226 1200 2299 Dixit
1218 2226 1327 2298 Mater
1343 2226 1421 2298 lesu

748 2253 784 2412 l
802 2335 845 2409 ad
866 2336 967 2408 illum
982 2363 990 2404 :
1007 2335 1087 2419 Fili,
1102 2334 1186 2432 quid
1200 2334 1308 2406 fecisti
1323 2333 1423 2406 nobis

748 2445 818 2516 sict
835 2442 922 2516 Ecce
943 2448 1042 2514 Pater
1060 2449 1153 2529 tuus,
1174 2449 1209 2514 et
1226 2463 1290 2537 ego
1306 2439 1422 2514 dolen·

749 2556 800 2622 tes
812 2548 1054 2647 quaerebamus
1068 2556 1113 2621 te.
1134 2548 1177 2618 Et
1195 2547 1242 2618 ait
1258 2545 1301 2618 ad
1317 2546 1396 2619 illos
1413 2575 1420 2618 :

750 2656 841 2743 Quid
874 2663 936 2739 est,
965 2654 1060 2752 quod
1085 2677 1143 2725 me
1172 2652 1378 2749 quaerebatis
1413 2683 1420 2726 :

750 2762 967 2850 Nesciebatis‚
984 2761 1067 2858 quia
1084 2761 1119 2832 in
1138 2760 1207 2852 his,
1223 2781 1301 2854 quoe
1316 2759 1426 2832 Patris

748 2872 815 2942 mei
830 2877 924 2955 sunt,
943 2869 1079 2966 opertet
1099 2891 1156 2940 me
1176 2869 1272 2940 esset
1296 2867 1338 2938 Et
1361 2867 1424 2961 ipsi

748 2998 818 3048 non
837 2974 1080 3048 intellexerunt
1097 2971 1253 3054 verbum,
1270 2971 1364 3068 quod
1380 2972 1426 3046 lo·

747 3083 848 3153 cutus
866 3089 917 3153 est
938 3080 983 3153 ad
1002 3103 1076 3152 ens,
1096 3080 1140 3150 Et
1153 3077 1330 3151 descendit
1344 3101 1423 3152 curn

748 3188 809 3274 eis,
830 3195 865 3258 et
885 3187 977 3259 venit
993 3185 1165 3258 Nazareth
1183 3213 1190 3253 :
1208 3192 1242 3256 et
1256 3192 1330 3256 erat
1347 3187 1424 3259 srib-

749 3293 842 3364 ditus
860 3292 941 3366 illis.
966 3293 1010 3364 Et
1028 3293 1137 3364 Mater
1151 3291 1228 3386 ejus
1246 3293 1424 3363 conservai-

748 3397 806 3470 bat
819 3399 938 3472 emnia
952 3396 1054 3470 verba
1067 3397 1144 3469 baec
1162 3397 1198 3467 iu
1216 3395 1327 3470 Corde
1346 3420 1421 3472 suo.

798 3514 922 3588 Credo.

1636 2651 1781 2746 remque
1801 2649 1887 2745 regit
1900 2651 1934 2722 in
1955 2653 2082 2726 sucula
2098 2677 2206 2726 sarcu-

1530 2755 1657 2828 ldrunr.
1692 2752 1821 2826 Psalm.
1857 2760 1915 2826 44.
1946 2755 2121 2828 Eructivit
2146 2779 2207 2830 cor

1530 2883 1647 2934 rneunr
1677 2860 1818 2934 verbunv
1847 2860 2008 2946 bonum;
2040 2861 2116 2934 dico
2141 2885 2206 2960 ego

1529 2969 1633 3062 dpera
1647 2989 1724 3039 rnea
1741 2967 1836 3064 Regi.
1858 2968 1893 3045 vl.
1912 2967 2029 3040 Gldria
2047 2969 2152 3041 Patri.

1801 3084 1933 3157 oratic.

1598 3221 1667 3286 aus,
1689 3196 1811 3294 quide
1832 3197 1940 3272 beatae
1961 3199 2076 3272 Mariae
2098 3199 2206 3298 Virgi-

1529 3219 1596 3375 Ι)
1614 3303 1774 3376 nisritero
1784 3305 1935 3378 Verbum
1947 3313 2059 3394 tuum,
2074 3305 2206 3402 burgalo
2304 3290 2307 3417 l

1529 3409 1725 3495 nuntiante,
1744 3433 1883 3482 earnem
1904 3413 2076 3508 suscipere
2099 3413 2207 3484 volui·
2304 3422 2307 3513 ξ

1529 3517 1569 3588 sti
1603 3545 1610 3586 :
1646 3525 1768 3613 praesta
1801 3519 2013 3615 supplicibus
2046 3521 2130 3605 tuis;
2166 3528 2203 3592 ul

1529 3624 1588 3720 qui
1611 3648 1688 3697 vere
1706 3648 1782 3697 earn
1802 3626 2002 3720 genitricem
2020 3626 2081 3699 liei
2096 3627 2206 3699 credi-

798 3633 1034 3731 Offcrtcrium.
1070 3628 1209 3701 luditlv.
1245 3634 1300 3701 15.
1335 3630 1425 3717 Quia

1529 3752 1618 3813 mus,
1642 3732 1716 3827 ejus
1737 3732 1828 3827 apud
1851 3740 1881 3805 te
1905 3734 2206 3807 intercessidnibus
2254 3807 2258 3882 Ι

2298 5059 2301 5120 l

2305 5783 2308 5844 Ι

748 3742 856 3815 iecisti
882 3740 1036 3823 viriiiter,
1062 3748 1097 3811 et
1118 3737 1352 3810 confortatum
1374 3746 1425 3811 est

748 3849 817 3921 Cor
838 3856 936 3919 tuurn
959 3875 968 3917 :
992 3844 1070 3917 ideo
1088 3852 1123 3917 et
1141 3865 1266 3915 manus
1284 3842 1424 3915 Demini

749 3953 954 4027 conlortdvit
973 3958 1019 4035 te,
1043 3958 1076 4023 et
1095 3950 1165 4021 eris
1191 3948 1371 4021 benedicta
1388 3950 1422 4021 in

748 4064 931 4134 aeternum.

1009 4187 1035 4252 S
1042 4192 1175 4251 ceretu.

1529 3835 1746 3932 adjuvemur.
1773 3838 1838 3911 Per
1863 3838 2039 3912 eumdem.

1577 3954 2201 4047 EtlitCommemllomiuicreuccurr.

1576 4066 1734 4163 Epistola
1759 4066 1832 4165 Ego
1857 4068 1953 4165 quasi
1983 4070 2056 4143 vitis
2082 4070 2204 4143 iructi·

1528 4172 1639 4257 ficari,
1651 4200 1691 4271 p.
1710 4176 1793 4247 463.

1578 4290 1767 4364 Gruduule.
1788 4292 1888 4364 lauioe
1916 4300 1971 4365 lt.
2000 4293 2204 4391 Egredietur

1528 4408 1620 4503 virga
1634 4404 1677 4479 de
1691 4406 1805 4479 radice
1824 4408 1927 4491 lesse,
1949 4416 1983 4480 et
2004 4408 2068 4481 llas
2089 4408 2131 4483 de
2151 4434 2205 4483 ra·

1527 4512 1602 4586 dice
1617 4515 1692 4609 ejus
1705 4514 1877 4587 ascendet.
1900 4512 1936 4591 l.
1954 4515 1996 4585 Et
2013 4516 2204 4611 requiescet

1528 4644 1632 4717 super
1652 4644 1731 4695 cunr
1758 4622 1905 4719 Spiritus
1930 4622 2083 4695 Demini.
2113 4622 2204 4697 Alle-

1528 4725 1613 4823 ldja,
1630 4727 1782 4823 alleluja.
1804 4730 1840 4809 t.
1858 4728 1959 4799 lauiae
1973 4734 2007 4799 7.
2023 4728 2110 4803 Ecce
2129 4731 2205 4803 Vir·

1526 4856 1569 4929 go
1597 4836 1778 4929 concipiet,
1814 4840 1848 4905 ct
1879 4835 1988 4930 pariet
2011 4833 2140 4920 filiurn,
2169 4844 2204 4909 et

829 4333 981 4385 arsam
999 4317 1082 4393 tuae,
1103 4309 1265 4397 flemina,
1285 4309 1422 4404 tignum

751 4334 825 4495 M
847 4416 1111 4489 immaculatum
1125 4414 1424 4509 offerentesque-

748 4547 882 4609 sumus,
901 4529 940 4595 ut
953 4520 1057 4595 corda
1073 4528 1189 4591 nostra
1205 4518 1292 4615 ignis
1305 4518 1363 4591 ille
1377 4519 1425 4591 di·

748 4634 847 4705 vinus
864 4628 1042 4710 acrevrdat,
1065 4626 1123 4722 qui
1143 4626 1212 4699 Cor
1232 4626 1340 4699 beatae
1356 4628 1424 4699 Ma-

748 4740 806 4813 riae
824 4737 972 4834 Virginis
991 4732 1211 4807 ineffabiliter
1229 4732 1424 4805 innamma-

747 4845 806 4919 vit.
827 4845 892 4917 Per
906 4842 1106 4917 [lentinum.

796 4956 1419 5034 commem‚Dominicoeocwrreulig,
1527 4938 1703 5011 vocabitur
1731 4964 1856 5013 nornen
1880 4942 1955 5037 ejus
1979 4941 2199 5015 Emmanuel.

1526 5044 1689 5140 Alleliq'a.

1580 5170 1616 5243 ›1‹
1641 5170 1828 5267 Sequentia
1848 5171 1957 5243 sancti
1976 5171 2150 5269 Evangelii

1551 5276 1744 5350 secundum
1787 5277 1928 5351 Lucam.
1973 5280 2044 5349 Luc
2077 5282 2111 5349 2.
2159 5280 2183 5373 1·

1526 5424 1584 5581 lu
1610 5400 1670 5473 illo
1699 5404 1852 5497 tempore
1881 5430 1888 5473 :
1921 5400 2009 5474 Cum
2030 5402 2197 5494 redirent,

796 5066 964 5161 Praefatio
1002 5065 1047 5137 Et
1080 5072 1111 5137 te
1143 5064 1179 5135 in
1212 5062 1418 5145 festivitete,

742 5202 781 5269 p.
798 5180 870 5248 204
888 5172 941 5245 uel
956 5174 1040 5245 223.

797 5288 1015 5371 Communia.
1033 5290 1130 5359 ebul.
1151 5292 1186 5357 2.
1207 5284 1279 5357 Sub
1297 5284 1421 5357 urnbra

747 5397 964 5493 illiusquam
983 5392 1257 5466 desideraveram
1278 5390 1363 5473 sedi,
1388 5398 1422 5463 et

747 5504 881 5577 tructus
895 5504 969 5599 ejus
983 5500 1094 5573 dulcis
1107 5497 1238 5595 girtturi
1252 5520 1344 5571 meo.

936 5611 1231 5688 Postcummuniu.

748 5756 913 5919 Drvrvrs
934 5730 1052 5804 reiecti
1070 5727 1270 5800 muneribus
1288 5733 1335 5809 te,
1356 5726 1421 5798 btv

1587 5510 1751 5581 remissit
1776 5532 1862 5605 puer
1883 5510 1980 5582 lesus
2005 5510 2039 5581 in
2062 5510 2198 5583 lerdsa-

1525 5613 1607 5699 lem,
1630 5624 1664 5687 et
1690 5638 1758 5687 nun
1783 5620 2015 5712 cognoverunt
2042 5620 2199 5710 paventes

1523 5722 1610 5814 ejus.
1626 5722 1867 5795 Existimdntes
1880 5731 1996 5795 autern
2010 5720 2109 5794 illum
2125 5748 2198 5799 esse

777 1877 786 1947 t
825 1877 909 1946 Ι’·.

747 1877 1050 2093 Alitalljsaequentia
1069 1995 1177 2068 sancti
1197 1993 1372 2091 Evangelii
1653 2000 1811 2050 mutuet
1837 2001 1872 2049 u·
1901 1999 2073 2051 ocroaars.

835 5843 942 5925 mine,
957 5836 1156 5933 suppliciter
1169 5834 1363 5914 exoramus,
1382 5838 1421 5904 ut
1523 5829 1558 5899 in
1580 5830 1759 5919 comitem,
1782 5832 1949 5902 venerunt
1967 5831 2032 5902 iter
2053 5829 2135 5913 diei,
2162 5840 2196 5905 ct

750 5942 857 6015 belitae
871 5940 987 6012 Mariae
1002 5934 1149 6031 Virginis
1162 5931 1417 6015 interclusidnq
1525 5932 1746 6030 requirebant
1765 5958 1844 6007 eurn
1867 5935 1956 6008 inter
1976 5934 2140 6032 cognitos
2161 5944 2195 6008 et

2297 6041 2299 6074 l

2296 6113 2299 6198 l
