5325 7200
1013 1141 1134 1185 sturmen
1153 1141 1344 1187 annuebat.

521 1259 1143 1353 nouomaroinGalliisDeoreto,boo

465 1285 694 1444 Pvertenle
721 1389 815 1440 anno
840 1367 897 1442 die
925 1370 968 1441 10
987 1369 1143 1463 Septem-

465 1475 562 1550 brisa
577 1474 687 1548 Sacra
703 1473 848 1548 Rituum
868 1473 1142 1571 congregatione

464 1581 565 1668 edito,
588 1581 651 1677 qui
670 1603 815 1676 precum
838 1579 1058 1676 publicarum
1081 1603 1143 1675 pro

465 1691 671 1784 Imperatore
681 1686 940 1762 recitandarum
954 1686 1143 1762 methodus

466 1805 497 1872 et
520 1798 633 1870 lorma
660 1793 914 1890 praescribitur,
943 1793 1142 1867 haesitantes

466 1903 623 1976 nonnulli
651 1901 808 1998 Episcopi
832 1901 925 1974 circa
951 1923 1070 1975 rerum
1088 1900 1144 1974 de·

466 2009 545 2082 creti
569 2009 678 2105 ipsius
701 2029 842 2080 sensum
864 2005 899 2076 in
928 2005 1074 2078 articulo
1095 2029 1144 2078 se

466 2111 591 2195 cundo,
609 2112 688 2184 breo
702 2119 958 2208 proposuerunt
973 2109 1079 2183 dubia
1100 2141 1108 2182 ε

515 2223 549 2290 ¹⁰
570 2217 624 2290 bn
646 2219 683 2290 in
705 2217 883 2292 versiculo
904 2216 1058 2290 Domine
1076 2215 1142 2288 sol-

465 2349 544 2400 mtm
557 2325 632 2422 sue,
647 2332 731 2412 eto,
745 2349 849 2424 quem
862 2323 1048 2422 praediatus
1061 2326 1142 2400 arti-

466 2432 562 2505 culus
594 2431 771 2506 secundus
803 2432 941 2506 recitari
968 2431 1069 2528 jubet
1105 2433 1141 2504 in

466 2539 571 2611 Missis
591 2537 805 2612 solemnibus
818 2537 955 2636 expleta
976 2538 1142 2612 Commu·

468 2643 578 2716 nionis
599 2644 810 2740 bntipbona.
830 2643 931 2739 adjici
945 2643 1068 2718 debeat
1083 2668 1142 2717 no-

468 2775 543 2824 men
590 2751 768 2848 proprium
802 2752 1022 2847 Imperatoris
1066 2759 1143 2847 post

469 2857 565 2930 rerba
581 2861 829 2955 imperatorem
852 2871 1024 2952 nostrum,
1040 2867 1142 2954 prout

424 2980 428 3001 ¹
469 2962 647 3060 bucusque
661 2964 737 3036 lieri
752 2964 955 3038 consueritl

515 3073 550 3140 2⁰
564 3067 984 3167 Quomodointelligenda
998 3069 1041 3142 sil
1056 3093 1142 3166 prae·

468 3175 604 3271 scriptio
632 3176 715 3250 dieti
742 3175 878 3250 articuli
903 3177 1046 3250 secundi
1071 3200 1142 3273 qua

468 3290 561 3380 parte
586 3284 705 3357 statuit
730 3282 948 3357 Versiculum
977 3284 1139 3370 Domine,

425 3422 428 3475 ;
468 3387 602 3462 saluum
626 3389 698 3485 fue,
722 3397 806 3483 eto,
832 3387 1045 3462 cantandum
1069 3413 1141 3465 esse

389 3775 429 3860 ·!

390 3871 429 3930 ·t

425 4023 428 4086 t

469 3501 593 3570 saure?
614 3497 706 3570 Num
728 3497 787 3583 ita,
809 3501 847 3568 ul
865 3495 1142 3570 tantummodoa

470 3602 669 3681 (lelebrante
705 3628 766 3681 seu
796 3604 898 3680 Clero
925 3605 1056 3679 cantari
1087 3606 1143 3679 de

515 3755 577 3831 Die
606 3760 647 3831 17
676 3754 874 3831 Decembris
901 3759 1008 3829 ¹857.

1242 1261 1347 1336 beatl
1369 1261 1421 1336 bn
1444 1263 1559 1358 polius
1578 1265 1646 1356 ita,
1672 1274 1711 1341 ut
1730 1271 1836 1346 semel
1853 1275 1926 1372 qui·

1245 1367 1326 1440 dem
1341 1365 1472 1441 coutari
1489 1369 1625 1454 debeat,
1649 1373 1709 1445 sed
1720 1375 1821 1469 juata
1838 1403 1926 1452 rece-

1245 1481 1344 1569 ptum
1361 1497 1508 1558 morem,
1528 1475 1724 1552 alternatim
1740 1489 1773 1554 el
1793 1485 1926 1559 aCele·

1244 1579 1367 1654 brente
1381 1604 1441 1653 seu
1458 1578 1558 1654 Clero
1575 1589 1609 1654 et
1624 1606 1644 1655 a
1659 1586 1811 1678 populo?

1292 1687 1353 1760 llis
1377 1709 1479 1781 porro
1498 1686 1611 1760 dubiis
1631 1689 1672 1762 ad
1698 1691 1841 1768 Sacram
1868 1697 1925 1770 Ri-

1245 1799 1347 1866 tuum
1376 1793 1686 1891 Congregationem
1716 1823 1777 1894 pro
1804 1825 1925 1898 oppor-

1246 1905 1331 1972 tuna
1368 1897 1602 1987 declaratione
1634 1900 1768 1986 delatis,
1800 1906 1922 1980 eadem

1243 2007 1350 2080 Sarra
1378 2004 1607 2104 Congregatio
1644 2010 1923 2104 respondendum

1244 2110 1378 2184 censuit
1400 2137 1407 2179 :

1292 2216 1349 2289 bd
1362 2215 1528 2312 primum.
1548 2214 1774 2292 Allirmative.

1291 2321 1345 2396 ttd
1381 2321 1587 2396 seeundum.
1617 2323 1778 2421 Negative
1806 2327 1923 2422 quoad

1243 2428 1392 2524 primam
1415 2434 1561 2523 partem,
1589 2427 1792 2503 affirmative
1808 2433 1923 2528 quoad

1246 2534 1450 2610 secundam.

1292 2642 1391 2714 Hanc
1410 2663 1489 2714 vero
1508 2641 1624 2714 Sarra
1642 2641 1924 2742 Congregationis

1243 2747 1527 2831 declarationem,
1540 2748 1709 2824 referente
1724 2750 1920 2845 subscripto

1243 2856 1450 2944 Secretario,
1484 2856 1726 2932 Sanctissimus
1755 2859 1924 2933 Dominus

1243 2965 1366 3038 Noster
1378 2963 1461 3035 Pius
1474 2966 1640 3058 PopotX.
1657 2978 1769 3038 ratam
1786 2965 1919 3050 babuit,

1243 3077 1278 3146 et
1296 3067 1532 3153 confirmavit,
1563 3068 1793 3168 eamdemque
1819 3071 1922 3146 ueluti

1244 3185 1378 3275 partem
1409 3175 1575 3271 praeoitati
1609 3178 1745 3252 Decreti
1774 3178 1841 3252 diei
1879 3183 1923 3250 to

1243 3284 1456 3381 Septembris
1489 3285 1580 3358 1857
1611 3285 1654 3358 ab
1690 3285 1852 3360 omnibus
1879 3285 1922 3362 ad

1244 3397 1486 3489 quosspeotat,
1498 3392 1625 3462 servari
1641 3394 1816 3489 praecepit.
1836 3392 1924 3466 Con·

1245 3507 1359 3687 triariis
1384 3505 1660 3605 quibuscumque
1686 3531 1756 3580 non
1784 3507 1923 3582 obstan-

1245 3613 1269 3687 ti
1295 3637 1348 3687 us.

1141 3902 1181 3975 C.
1209 3902 1320 3977 Errsc.
1352 3902 1521 3979 buranam
1550 3902 1658 3977 Gran.
1688 3902 1869 3990 PATRth,

470 4042 576 4117 mous
601 4014 768 4145 fargita.

1318 4046 1356 4117 S.
1388 4047 1430 4117 li.
1457 4045 1491 4117 0.
1520 4045 1720 4143 Praefectus.

1136 4146 1141 4155 ’
1232 4174 1276 4247 tt.
1303 4174 1465 4265 meran,
1494 4180 1532 4247 s,
1562 4179 1603 4246 a.
1633 4180 1671 4246 u.
1700 4180 1794 4247 seer.

385 4451 509 4552 ι’·
