5325 7200
608 832 658 907 20
771 816 774 821 Δ
1318 797 1446 871 iiior.
1470 787 1668 867 Octobris.

611 962 1437 1073 concodepropniusut,quidoloreseJus

610 1080 838 1163 venertndo
874 1074 1107 1171 recolimus,
1125 1070 1325 1175 passionis
1358 1079 1438 1149 tuoe

612 1188 796 1272 effoetum
828 1184 985 1263 felicem
1016 1180 1320 1283 consequimur.
1358 1176 1438 1275 Qui

610 1296 710 1377 viris
730 1302 769 1375 et
786 1314 828 1371 re
858 1314 940 1371 nus

670 1316 876 1471 (niuniu
917 1388 1130 1494 ruinosa,
1149 1402 1188 1473 et
1205 1391 1441 1495 taorymtbi·

612 1510 663 1591 iis
683 1532 752 1609 es,
774 1506 896 1608 Virgo
916 1505 1064 1599 Maria,
1091 1515 1200 1582 stans
1217 1504 1328 1603 juxta
1347 1522 1441 1578 oru-

613 1638 700 1698 oom
735 1612 899 1697 Domini
929 1612 1025 1691 Jesu
1045 1610 1135 1689 Filii
1155 1610 1211 1689 tui
1234 1670 1243 1705 ‚
1270 1607 1440 1686 Redem-

643 1723 753 1807 toris.

614 1750 640 1826 p
671 1826 849 1927 Alleluia,
883 1824 1056 1906 alleluia.
1091 1816 1124 1892 ὲ·
1149 1824 1269 1923 Virgo
1289 1821 1363 1901 Dei
1382 1818 1444 1924 go

614 1939 736 2028 nitrix
754 1967 763 2017 :
782 1957 902 2039 quern
922 1943 1028 2013 totus
1065 1954 1148 2013 non
1168 1932 1276 2033 cupit
1310 1930 1442 2025 orbis,

615 2039 693 2130 hoc
712 2043 842 2127 crucis
861 2042 936 2121 tert
954 2040 1198 2143 supplicium
1231 2045 1371 2117 auctor
1386 2037 1443 2117 ri-

614 2158 686 2249 tae,
705 2152 832 2230 iactus
859 2150 993 2228 homo.

674 2248 1232 2354 Duinriuttiuitrrr*5equtn1ia,
1255 2252 1290 2316 ut
1311 2241 1349 2313 in
1372 2243 1448 2313 tino

623 2359 979 2443 ntltlitnrnllehiia.

871 2580 929 2632 [titt
952 2578 986 2631 Υ.
1017 2575 1198 2626 «intortius,

796 2680 835 2760 S.
860 2678 1099 2783 AMPELH,
1125 2676 1273 2758 CONF.

835 2776 1038 2850 titinnius.
1059 2786 1243 2865 1δαίωὸΙρ

681 2922 744 2977 ocu
774 2920 847 3001 ego
881 2894 1011 2974 cruori
1035 2894 1193 2973 fabrum
1224 2894 1448 2974 suffiuntem

620 2919 678 3089 E
698 3008 739 3083 in
758 3006 848 3109 igne
865 3024 1028 3106 prunus,
1047 3010 1086 3081 ot
1102 3002 1368 3104 proterontem
1381 3026 1450 3081 rus

621 3114 663 3191 in
700 3136 802 3215 opus
837 3134 965 3191 suurn.
1012 3110 1108 3189 Haec
1142 3118 1202 3187 est
1236 3110 1449 3189 haeroditus

623 3222 828 3299 servorum
861 3218 1025 3299 Domini
1050 3242 1058 3292 :
1085 3224 1124 3295 et
1137 3216 1291 3315 justitio
1309 3217 1449 3297 eorum

622 3328 731 3431 opud
750 3352 823 3407 rne.
853 3316 912 3390 ΡΒ·
944 3316 995 3387 ¹⁴3·
1029 3312 1104 3427 ¹³go
1122 3334 1252 3403 nutem
1274 3326 1313 3402 in
1329 3324 1450 3425 justi-

621 3437 676 3515 tia
688 3436 891 3539 apporobo
905 3434 1137 3536 conspuetui
1153 3441 1222 3513 tuo
1236 3432 1449 3539 :sutisibon

624 3567 714 3623 cunr
734 3543 962 3646 apparuerit
979 3540 1105 3646 gloria
1122 3548 1201 3621 tua.
1244 3546 1276 3600 »ἴ
1314 3539 1451 3620 Gloria

628 3652 745 3732 Patri.

969 3741 1120 3818 Orutio.

635 3875 762 4038 Duos,
780 3864 851 3964 qui
871 3861 910 3939 in
936 3860 1052 3940 betto
1084 3860 1272 3963 Ampiiio·
1288 3861 1451 3942 Confes-

722 3971 812 4050 sore
856 3978 948 4063 tuo,
983 3968 1143 4047 inviotae
1176 3971 1378 4070 pationtiae
1413 3981 1452 4050 et

628 4076 841 4180 singuliiris
882 4074 1075 4154 castitotis
1118 4077 1298 4178 oxompiu
1333 4078 1451 4158 nobis

628 4183 894 4286 proposuisti:
914 4185 998 4284 ejus
1018 4183 1170 4262 miritis
1196 4195 1235 4263 et
1264 4187 1452 4266 interces-

627 4291 740 4372 sione
758 4291 932 4371 concide
948 4317 959 4390 3
988 4301 1031 4371 ut
1049 4291 1352 4395 maligntrntium
1369 4295 1453 4396 spi-

628 4399 777 4478 rituum
812 4397 1029 4477 oerttrnino
1063 4399 1314 4500 superintes,
1350 4402 1455 4480 inter

628 4506 770 4586 mundi
805 4507 923 4608 hujus
955 4507 1167 4587 varietates·
1198 4508 1249 4585 ud
1279 4517 1317 4588 te
1344 4510 1454 4611 puris

632 4616 830 4694 montibus
861 4613 978 4694 unice
1013 4614 1177 4694 tundere
1209 4615 1453 4697 studetmus.

631 4723 707 4800 Per
725 4722 958 4801 Dominum.

637 4823 772 4909 locrio
792 4827 981 4931 Epistoiae
1013 4826 1054 4905 B.
1077 4826 1186 4906 Pauli
1206 4829 1388 4931 Apostoli
1406 4832 1458 4910 nd

847 4935 1088 5017 Corinthios.
1116 4929 1141 5000 l·
1166 4951 1198 5000 o·-
1221 4928 1256 4998 “2-

663 5067 850 5186 Quos:
878 5045 972 5147 Ego,
990 5067 1082 5122 oum
1100 5044 1293 5124 venissem
1309 5046 1362 5126 ad
1375 5071 1458 5147 ros,

710 5153 800 5230 veni
819 5173 899 5232 non
918 5154 958 5230 in
977 5151 1221 5231 subtimitirto
1239 5153 1458 5254 sermonis,

634 5266 703 5338 aut
720 5258 941 5360 snpitntiae,
961 5259 1201 5338 annuntians
1218 5259 1332 5341 vobis
1351 5266 1459 5343 testi-

619 5366 817 5447 ¹minium
837 5366 994 5446 Christi.
1029 5367 1115 5445 Non
1135 5369 1239 5445 enim
1255 5369 1458 5473 Judiotvi‚

636 5499 700 5554 me
718 5475 820 5554 scire
838 5473 991 5577 iliquid
1011 5475 1114 5554 inter
1130 5497 1212 5573 vos,
1226 5477 1303 5555 nisi
1320 5478 1457 5559 Jesum

636 5581 871 5672 Christum,
909 5591 948 5661 et
982 5583 1089 5662 huno
1125 5583 1374 5664 crucifixum.
1412 5588 1460 5667 Et

637 5713 711 5794 ego
730 5691 769 5768 in
790 5689 1045 5789 infirmium,
1065 5699 1104 5769 et
1122 5689 1290 5789 timore,
1315 5702 1355 5773 et
1385 5702 1461 5774 tre·

638 5799 750 5878 more
768 5799 896 5878 multo
913 5798 969 5878 fui
989 5799 1097 5901 apud
1113 5822 1184 5878 ros
1216 5825 1224 5876 :
1261 5808 1300 5878 et
1325 5824 1458 5882 sermo

640 5927 763 5998 meus,
778 5915 816 5984 et
829 5905 1064 6009 praediottio
1083 5929 1190 6004 mea,
1209 5930 1288 5986 non
1305 5907 1345 5986 in
1365 5932 1458 6010 per·

640 6011 896 6094 suasibilibus
927 6014 1111 6094 huminae
1140 6015 1346 6115 supitntiae
1373 6041 1458 6098 ver·

643 6119 724 6219 bis,
759 6121 904 6202 sedin
940 6123 1167 6204 ostensione
1213 6125 1377 6228 spiritus
1419 6139 1458 6208 et

1524 955 1680 1038 virtutis
1716 982 1725 1032 :
1761 958 1806 1030 ut
1836 947 1935 1027 fides
1969 950 2101 1027 vestra
2127 946 2263 1025 nonsit
2284 949 2316 1027 in

1528 1062 1725 1166 sapiontia
1757 1058 2000 1155 hominurn,
2034 1051 2173 1132 sedin
2202 1053 2317 1135 virtite

1523 1174 1788 1328 Detlssruriunir,
1815 1246 1873 1319 i's.
1899 1250 1956 1318 tn.
1976 1246 2161 1371 E10ngfivj
2177 1254 2314 1360 stignus:

1526 1387 1565 1457 et
1593 1376 1722 1453 mansi
1742 1372 1783 1449 in
1802 1366 2035 1448 solitudine.
2071 1376 2102 1431 r'-
2133 1366 2316 1444 Scrutibor

1528 1486 1658 1585 legem
1690 1491 1825 1573 tuum,
1853 1486 1893 1554 et
1923 1470 2149 1553 custodiam
2172 1469 2315 1549 illumin

1527 1602 1613 1672 toto
1632 1586 1754 1667 corde
1772 1606 1874 1663 meo.

1580 1689 1949 1789 insinuationis.
1976 1680 2010 1755 i·
2039 1676 2101 1749 Pr*-
2143 1681 2314 1765 iuuene

1527 1828 1616 1901 mo,
1649 1801 1844 1896 Domine,
1878 1798 1920 1875 in
1941 1794 2128 1875 simitum
2143 1792 2316 1871 mundati·

1526 1936 1616 1993 rum
1648 1910 1828 2005 tuorum,
1861 1905 1961 2007 quia
1981 1903 2111 2005 ipsam
2127 1899 2247 1980 votui:
2270 1900 2314 1975 in·

1527 2021 1632 2101 clina
1666 2039 1738 2096 oor
1772 2036 1907 2093 meum
1943 2012 1987 2089 in
2020 2007 2231 2088 testimonia
2256 2016 2313 2086 tun.

1525 2125 1706 2209 Alleluia.

1531 2228 1755 2337 &equinus
1773 2228 1900 2310 sancti
1919 2222 2122 2326 Evangtlii
2134 2218 2312 2299 secundun

1792 2340 1990 2417 Marcum.
2013 2349 2047 2401 r·
2070 2331 2104 2398 ti.

1535 2457 1597 2627 Iu
1616 2450 1685 2529 iilo
1703 2449 1899 2549 tompore:
1914 2441 2106 2545 Egrtssus
2118 2433 2201 2513 iude
2214 2432 2311 2528 iesus,

1599 2560 1698 2639 ibiit
1714 2558 1754 2634 in
1774 2553 1947 2657 putrium
1966 2568 2081 2628 snum
2115 2574 2124 2623 :
2154 2550 2312 2641 etseqne·

1531 2667 1680 2746 bintur
1697 2686 1789 2745 eum
1810 2658 2004 2762 discipuli
2024 2654 2086 2733 sui
2118 2679 2126 2728 :
2151 2659 2205 2745 et,
2233 2648 2311 2725 tuoto

1532 2776 1712 2870 sithonio,
1732 2772 1855 2873 coepit
1881 2770 1921 2846 in
1950 2760 2146 2868 synogoga
2168 2756 2310 2877 donoro:

1532 2882 1704 2963 etmulti
1738 2879 1945 2959 audiintes
1979 2865 2308 2984 admirabuntur]

1534 2990 1717 3072 doctriua
1751 2990 1867 3089 eJus,
1894 2983 2075 3061 diosntes
2093 3007 2102 3056 :
2120 2972 2220 3094 Undo
2240 2972 2309 3091 huic

1531 3099 1617 3178 haeo
1648 3096 1810 3176 omnia?
1843 3102 1884 3171 et
1918 3112 2012 3193 quae
2046 3094 2104 3164 est
2134 3079 2308 3181 suntuna,

1532 3229 1622 3309 quae
1651 3204 1744 3282 duta
1772 3209 1832 3281 est
1865 3199 1923 3276 illi
1958 3226 1968 3276 ι
2003 3205 2043 3274 ot
2059 3188 2206 3307 virtutos
2220 3183 2308 3275 tutes,

1532 3336 1623 3415 quoe
1666 3334 1738 3413 per
1783 3330 1927 3386 munus
1965 3306 2053 3405 eius
2097 3291 2308 3376 effioriruturt

1535 3422 1674 3500 Nonne
1700 3419 1767 3496 hic
1801 3426 1862 3495 est
1891 3414 2029 3505 faber,
2065 3400 2306 3490 titiustturiae,

1532 3529 1653 3608 frater
1668 3526 1823 3624 iacobi,
1841 3533 1881 3604 et
1896 3520 2072 3623 ioseph,
2089 3523 2126 3593 et
2139 3510 2255 3604 iudo,
2279 3519 2308 3627 st

1534 3637 1741 3717 Simonis?
1773 3635 1913 3714 Nonne
1930 3640 1971 3710 et
1989 3625 2141 3708 sorores
2170 3622 2240 3720 eJ‘us
2259 3615 2306 3690 ius

1535 3745 1746 3826 nobiscum
1773 3741 1899 3822 sunt?
1918 3741 1968 3818 Et
1986 3723 2308 3842 scandatizubtntnr

1534 3857 1575 3933 in
1595 3853 1676 3932 iiio.
1706 3852 1755 3930 Et
1779 3848 1942 3929 dictust
1968 3842 2171 3924 illistesus
2194 3863 2202 3910 ε
2229 3831 2306 3954 ituro

1535 3985 1615 4042 non
1642 3968 1702 4039 est
1719 3958 1915 4062 prophota
1933 3957 2023 4035 sine
2039 3947 2263 4066 honoreznrsr
2277 3955 2306 4010 u

1534 4070 1664 4173 putria
1680 4090 1765 4165 sua,
1780 4077 1820 4145 et
1838 4066 1879 4143 in
1899 4063 2028 4143 domo
2045 4079 2124 4153 suo,
2140 4061 2176 4132 et
2188 4071 2222 4126 rn
2237 4065 2307 4142 cog·

1535 4175 1697 4258 notione
1715 4196 1802 4255 sua.

1592 4289 1862 4362 titirrtnrinru.
1888 4283 1973 4356 iret
2001 4286 2085 4355 ,sni
2108 4263 2306 4386 ‘mumioni'

1537 4403 1731 4483 matutino
1749 4401 1789 4480 in
1809 4399 1944 4480 modio
1970 4391 2138 4480 nonnus
2168 4391 2305 4504 etquosr

1537 4512 1612 4591 flos
1646 4508 1829 4589 rostrum
1865 4509 1905 4585 in
1942 4505 2083 4584 dionus
2114 4510 2247 4615 rernm
2279 4487 2307 4556 θῑ

1538 4619 1653 4721 quusi
1671 4618 1768 4714 luia,
1784 4639 1875 4718 quae
1889 4622 1984 4694 sunt
1998 4614 2037 4690 in
2050 4603 2200 4688 trunsrtu
2212 4609 2305 4691 ronst

1539 4737 1578 4806 et
1607 4726 1723 4829 quasi
1751 4725 1855 4829 ignis
1887 4721 2097 4824 effulgens,
2126 4705 2305 4824 etthosur·

1540 4835 1639 4914 dens
1660 4836 1699 4912 in
1719 4835 1824 4938 igne:
1840 4833 1898 4912 sio
1917 4831 1985 4910 ille
2004 4821 2150 4909 effulsit.
2165 4805 2303 4892 nnenu.

1865 4935 2036 5007 Sourriu.

1547 5061 1720 5224 Pnnsru
1750 5047 1869 5126 nobis
1888 5105 1899 5140 ,
1920 5056 2149 5149 quaesnmus,
2164 5032 2305 5142 omiti·

1618 5165 1706 5234 tens
1724 5155 1849 5248 Deus3
1876 5163 1919 5232 ut
1949 5162 2089 5232 nostrae
2119 5125 2303 5238 humrirtttrs

1541 5259 1693 5342 obtusio
1722 5270 1762 5342 et
1790 5285 1865 5364 pro
1889 5261 2048 5342 tuorum
2070 5249 2136 5333 tibi
2159 5244 2246 5345 grtia
2267 5231 2304 5303 ⁵¹¹

1542 5367 1696 5450 honoro
1730 5370 1981 5468 Sanctorum,
2015 5375 2052 5446 et
2082 5379 2147 5438 nos
2175 5346 2302 5440 coriiore

1543 5479 1693 5602 puriter
1728 5487 1768 5558 et
1801 5487 1934 5558 mente
1968 5471 2148 5580 pnriiioet
2167 5439 2303 5536 rerut-

1542 5609 1708 5667 mrnum.
2276 5651 2282 5666 ,

1602 5693 1851 5766 tlnnuuunio.
1896 5687 2012 5762 liri-ii.
2061 5685 2108 5754 tu
2160 5657 2300 5747 iiembiffl

1543 5808 1628 5905 ejus
1663 5806 1706 5883 in
1740 5808 2067 5911 compositionem
2089 5767 2299 5896 odorisucu

1542 5938 1643 6017 opus
1662 5916 1942 6020 pigruerunt,
1960 5918 1999 5995 in
2019 5901 2116 5992 omni
2132 5910 2190 5973 ore
2204 5871 2298 5990 rudu-

1542 6023 1728 6140 cruitur,
1764 6034 1803 6108 et
1837 6037 1882 6110 ut
1915 6026 2062 6108 mirsion
2093 6013 2127 6090 iu
2159 5983 2297 6078 conrino
2390 6046 2391 6061 Ν

1537 6147 1630 6203 vrnr.
