5325 7200
1094 1131 1164 1206 OF
1170 1137 1313 1214 FlClA
1343 1143 1623 1222 CONCESSA

719 1459 1184 1648 DIOECESI
1250 1461 1395 1630 DE
1457 1467 1974 1646 CHlAPAS.

1171 1868 1530 1880 ————..—-

609 2098 711 2154 nou.
738 2103 795 2160 ur.
824 2107 1223 2166 lost·ljt‘ll³lt.tu1.›lll.
1265 2103 1272 2119 ·
1377 2093 1419 2177 5¹.
1450 2099 1577 2170 Colos.
1610 2123 1642 2172 2.
1665 2105 1709 2178 ln
1740 2102 1894 2178 Christo
1921 2121 2012 2178 sunt
2038 2128 2184 2180 omnes

815 2213 855 2268 tu
891 2214 1021 2271 FEsro
1367 2198 1540 2282 theseuri
1568 2201 1765 2300 sapientiae
1786 2219 1822 2276 et
1841 2201 2008 2277 scientiae
2025 2206 2187 2279 abscen-

553 2293 920 2370 lNVENTlONlS
951 2297 1118 2371 PUERI
1148 2299 1168 2372 J
1177 2297 1278 2373 ESU
1369 2297 1453 2374 diti.
2297 2313 2304 2322 '

681 2410 721 2464 ru
747 2411 881 2469 usuro
904 2412 1146 2497 uocroauu.
1311 2420 1314 2426 ·
1427 2397 1592 2484 aleluia,
1612 2396 1780 2472 alleluia.
1821 2398 1859 2477 l,
1886 2401 1980 2476 Luc.
2004 2401 2188 2499 astupe-

819 2485 1016 2560 lutrortus.
1368 2498 1461 2572 bant
1491 2521 1642 2584 omnes,
1680 2495 1749 2595 qui
1783 2499 1919 2572 Jesum
1956 2496 2183 2587 audiebant,

593 2612 611 2615 *⁴
624 2612 668 2691 {j-
689 2609 713 2664 Ν
747 2593 896 2668 excelso
920 2595 1060 2668 throno
1087 2591 1168 2668 vidi
1192 2593 1345 2732 sederel
1368 2619 1485 2694 super
1507 2594 1714 2694 prudentia
1730 2611 1767 2669 et
1785 2595 1983 2694 respensis
2004 2598 2100 2696 ejus.
2121 2599 2187 2672 Al·

522 2692 569 2823 tp}
622 2699 676 2783 ul
705 2689 850 2780 virum,
880 2716 1000 2790 quem
1030 2691 1165 2767 aderat
1193 2691 1323 2767 multi·
1368 2693 1500 2769 leluia.

627 2773 682 2965 ll
703 2788 1324 2964 {tumltu-ulatt
1376 2789 1729 2966 uitellus
1742 2794 2190 2969 tumultu

506 3009 650 3059 nornen
677 3003 732 3061 est
760 2985 799 3061 in
821 2993 1023 3062 aeternum.
1052 2915 1324 3080 Pi.90..ii1bi·
1375 3002 1436 3060 tur
1467 2990 1644 3062 Tractus.
1684 2952 1747 3062 Pe
1783 3015 1842 3087 79.
1882 2919 2190 3065 ndmine'ueus

507 3084 580 3157 lete
613 3085 709 3172 Deo,
735 3085 865 3160 omnis
883 3103 995 3174 terra,
1022 3092 1160 3162 servite
1187 3085 1323 3161 Demi·
1367 3089 1572 3178 virtutum,
1608 3095 1788 3165 converte
1819 3113 1890 3162 nos
1922 3119 1929 3163 :
1960 3107 1996 3164 et
2029 3089 2189 3164 ostende

508 3206 559 3256 no
577 3181 617 3256 in
637 3183 778 3272 laetitia.
803 3171 842 3254 li·
863 3183 996 3292 Gloria
1022 3185 1139 3262 Patri.
1367 3188 1507 3264 feciem
1534 3205 1657 3276 tuam,
1686 3205 1723 3264 et
1745 3187 1841 3262 salvi
1868 3187 2049 3263 erimus:
2079 3205 2189 3262 sonet

837 3275 986 3348 Oratio.
1367 3312 1443 3364 vox
1465 3303 1532 3362 tua
1560 3287 1599 3362 in
1625 3286 1788 3362 euribus
1814 3286 1925 3361 meis.
1953 3288 1991 3369 ,tt
2014 3291 2123 3363 Cant.
2154 3315 2188 3362 2.

510 3383 669 3549 Deus
685 3379 754 3480 qui
772 3379 963 3492 humilem
994 3381 1081 3456 Filii
1110 3380 1166 3456 tui
1192 3387 1322 3493 pueri·
1366 3389 1453 3462 Vox
1480 3385 1586 3460 enim
1617 3402 1683 3461 tua
1715 3384 1854 3474 dulcis,
1888 3402 1924 3459 et
1965 3385 2082 3474 lecies
2118 3404 2186 3462 tua

607 3479 702 3554 tiam
720 3481 865 3554 coelesti
884 3481 1029 3554 clarere
1049 3479 1237 3579 sapientia
1256 3506 1322 3556 vo·
1368 3486 1509 3561 decora
1528 3483 1658 3559 nimis.
1687 3481 1726 3563 l.
1751 3483 1852 3558 lbid.
1883 3513 1907 3557 1.
1926 3486 2071 3559 Oleum
2093 3485 2188 3560 effu·

508 3577 611 3654 luisti
642 3609 649 3655 :
680 3594 839 3678 praesta;
871 3595 913 3653 ut
940 3577 1077 3677 spiritu
1108 3579 1324 3678 prudentiae
1369 3610 1458 3660 sum
1484 3607 1630 3660 nomen
1652 3602 1780 3671 tuum,
1802 3586 1910 3671 Jesu,
1942 3583 2031 3659 ideo
2058 3583 2187 3660 adole-

507 3678 654 3777 repleti,
675 3676 824 3753 sincera
844 3676 913 3751 tibi
933 3676 1151 3752 humilitete
1174 3680 1322 3777 placed·
1368 3684 1551 3760 scentulae
1566 3681 1784 3757 dilexerunt
1799 3700 1847 3758 te.

509 3780 709 3875 musl'er
722 3775 906 3852 eumdem
925 3775 1156 3853 Dominum.
1366 3780 1417 3883 ἢ
1442 3780 1647 3880 Sequentia
1680 3780 1800 3857 sancti
1830 3780 2030 3880 Evangelii
2057 3787 2189 3855 secun·
2274 3822 2277 3826 ·

559 3864 709 3973 Demde
730 3864 772 3936 fit
800 3888 900 3941 com.
933 3871 1148 3977 Dominicae
1167 3875 1219 3970 iij.
1237 3894 1322 3975 post
1578 3882 1676 3957 dum
1698 3883 1861 3956 Lucam.
1889 3906 1921 3954 c.
1944 3906 1977 3955 2.

511 3962 789 4059 Eplllhflssfflffl·
1459 4001 1518 4057 UM
1558 3983 1682 4058 lactus
1718 3996 1817 4054 esset
1845 3981 1959 4055 Jesus
1992 3984 2187 4054 annerum

548 4064 681 4149 Lectio
699 4079 869 4150 Actuum
888 4079 1178 4174 Apostoldrum.
1196 4092 1227 4143 C·
1243 4069 1275 4142 3·
1472 4079 1696 4165 duedecim,
1717 4076 2017 4153 ascendentibus
2041 4076 2116 4151 illis
2130 4080 2150 4153 J
2155 4103 2190 4151 e-

510 4174 720 4341 Morsus
734 4174 850 4249 dixit:
868 4174 1068 4267 Qudniam
1087 4178 1323 4275 Prophetam
1369 4183 1608 4279 rosolymam
1626 4176 1843 4251 secundum
1861 4175 2187 4251 consuetudinem

610 4271 811 4346 suscitebit
841 4272 954 4345 vobis
986 4274 1180 4347 Dominus
1217 4277 1323 4347 Deus
1369 4276 1447 4352 diei
1483 4278 1595 4362 festi,
1643 4278 2003 4371 consummatisque
2047 4272 2187 4347 diebus

509 4387 633 4445 vester
662 4368 710 4443 de
744 4369 926 4443 lretribus
958 4370 1108 4461 vestris,
1135 4389 1322 4469 tanquam
1369 4398 1460 4449 cum
1496 4373 1687 4459 redirent,
1723 4369 1908 4445 remensit
1941 4394 2039 4469 puer
2072 4371 2187 4445 Jesus

510 4494 571 4543 me
605 4498 612 4543 :
653 4466 782 4566 ipsum
827 4466 992 4542 audietis
1028 4470 1132 4566 juxta
1173 4468 1320 4557 emnia,
1370 4472 1411 4547 in
1427 4473 1658 4558 Jerusalem,
1679 4486 1715 4543 et
1734 4492 1813 4543 non
1831 4474 2094 4566 cognoverunt
2120 4492 2186 4567 pa-

488 4572 767 4665 'quaecumque
791 4568 942 4641 locutus
965 4566 1077 4641 fuerit
1096 4566 1220 4642 vobis.
1242 4566 1324 4642 Erit
1370 4576 1495 4645 rentes
1512 4572 1607 4668 ejus.
1631 4566 1905 4644 Existimtlntes
1925 4584 2056 4642 autem
2076 4565 2187 4641 illum

509 4682 640 4740 autem
663 4664 834 4739 :Omnis
860 4664 1006 4751 emma,
1036 4690 1124 4764 quae
1150 4691 1229 4741 non
1255 4691 1323 4740 au·
1369 4668 1452 4743 es'se
1479 4669 1519 4743 in
1545 4667 1746 4754 comitatu,
1768 4672 1957 4741 venerunt
1987 4665 2058 4741 iter
2092 4664 2184 4753 diei,

509 4763 622 4839 dierit
642 4765 878 4861 Prophetam
906 4762 1031 4851 illum,
1053 4764 1323 4839 exterminabi-
1370 4785 1406 4843 et
1432 4766 1680 4866 requirebant
1705 4789 1797 4839 eum
1823 4764 1921 4839 inter
1943 4770 2125 4862 cognetos
2151 4781 2188 4838 et

509 4879 571 4937 tur
596 4862 644 4937 de
671 4863 794 4961 plebe.
821 4864 868 4938 Et
893 4886 1031 4937 omnes
1064 4866 1265 4963 Prophetae
1301 4888 1324 4939 a
1370 4883 1494 4942 notos,
1533 4866 1580 4941 Et
1615 4889 1694 4939 non
1730 4862 1990 4952 invenientes,
2027 4862 2186 4960 regressi

509 4962 668 5035 samuel
707 4978 743 5035 et
773 4960 954 5060 deinceps
985 4962 1053 5061 qui
1081 4962 1198 5039 locuti
1234 4980 1324 5037 sunt
1370 4965 1523 5040 suntin
1552 4962 1783 5051 Jerusalem,
1814 4962 2053 5061 requirentes
2077 4986 2183 5036 eum.

509 5058 837 5135 annuntiaverunt
870 5060 952 5134 dies
985 5060 1089 5135 istos
1118 5064 1199 5137 Vos
1233 5060 1324 5137 estis
1372 5066 1421 5139 Et
1447 5063 1592 5139 factum
1620 5079 1677 5136 est
1712 5078 1798 5160 post
1825 5061 2001 5136 triduum
2031 5060 2186 5135 invene-

509 5158 579 5232 filii
597 5159 895 5269 Propheterum,
913 5176 949 5233 et
967 5159 1198 5249 testamenti,
1215 5160 1323 5259 quod
1371 5180 1461 5237 runt
1479 5162 1590 5237 illum
1610 5160 1650 5236 in
1669 5162 1815 5258 templo
1834 5159 2030 5235 sedentem
2051 5159 2090 5234 in
2107 5164 2187 5233 me·

508 5256 699 5357 dispesurt
720 5258 827 5331 Deus
845 5258 894 5333 ad
919 5260 1053 5333 Patres
1081 5275 1244 5347 nostros,
1270 5258 1324 5334 di·
1370 5260 1437 5337 dio
1462 5260 1681 5348 doctorum,
1706 5257 1930 5334 audientem
1958 5258 2057 5347 illos,
2079 5274 2116 5331 et
2134 5256 2188 5331 in-

508 5379 598 5431 cens
624 5353 674 5430 ad
700 5356 899 5431 Abraham
924 5386 931 5431 :
957 5357 1004 5432 Et
1026 5356 1065 5432 in
1093 5356 1240 5433 semine
1256 5374 1338 5446 tuo
1370 5365 1627 5457 terrogtintem
1668 5384 1748 5433 eos.
1795 5359 1865 5433 Stu
1895 5359 2011 5432 ebant
2055 5372 2187 5432 autem

510 5452 787 5529 benedicentur
832 5480 969 5530 omnes
1004 5456 1160 5531 familiae
1198 5472 1320 5532 terrae.
1371 5483 1530 5547 omnes,
1567 5457 1636 5555 qui
1675 5481 1767 5532 eum
1803 5481 1853 5531 au
1884 5456 2039 5543 iebant,
2071 5478 2188 5552 super

508 5552 630 5628 Vobis
650 5550 823 5651 primum
846 5556 951 5629 Deus
970 5554 1160 5630 suscitans
1178 5556 1323 5630 Filium
1371 5555 1578 5657 prudentia
1597 5573 1633 5632 et
1650 5554 1844 5654 respensis
1870 5556 1966 5652 eius.
1993 5554 2042 5629 Et
2057 5551 2189 5627 viden-

509 5676 640 5740 suum,
659 5649 763 5725 misit
777 5677 869 5727 eum
886 5653 1176 5729 benedicentem
1195 5654 1321 5743 vobis,
1372 5674 1427 5731 tes
1450 5654 1632 5730 admireti
1652 5671 1753 5729 sunt.
1776 5654 1824 5728 Et
1842 5652 1938 5728 dixit
1958 5654 2086 5727 Mater
2104 5652 2188 5749 eius

509 5766 550 5824 ut
578 5754 773 5832 convertat
796 5776 836 5826 se
854 5757 1125 5850 unusquisque
1146 5776 1169 5826 a
1189 5758 1323 5852 nequi·
1372 5755 1422 5830 ad
1441 5754 1552 5829 illum
1574 5784 1581 5829 :
1604 5753 1692 5842 Fili,
1713 5751 1809 5851 quid
1830 5750 1950 5828 fecisti
1974 5749 2087 5826 nobis
2110 5748 2186 5824 sic'l

508 5848 560 5923 tia
580 5874 663 5924 sua.
1374 5856 1473 5929 Ecce
1491 5869 1599 5951 pater
1619 5870 1710 5928 tuus
1728 5868 1764 5927 et
1788 5875 1857 5948 ego
1885 5850 2058 5925 dolentes
2082 5872 2186 5949 quae·

555 5936 762 6011 Graduale.
784 5940 875 6037 Sap.
899 5943 932 6014 8.
969 5942 1143 6025 Habebo
1169 5967 1327 6051 propter
1373 5954 1557 6027 rebemus
1574 5970 1622 6027 te.
1647 5953 1695 6027 Et
1710 5949 1764 6025 ait
1784 5949 1835 6023 ad
1853 5948 1939 6023 illos
1964 5978 1971 6024 :
1994 5948 2103 6043 Quid
2122 5963 2187 6022 est

508 6044 738 6146 sapientiam
776 6046 988 6123 claritdtem
1024 6049 1074 6124 ad
1103 6051 1250 6139 turbas,
1288 6068 1325 6126 et
1372 6050 1480 6149 quod
1497 6074 1559 6124 me
1573 6046 2080 6148 quaerebetislNesciebetis
2093 6044 2187 6145 quia

508 6148 696 6223 honorem
724 6146 830 6247 apud
858 6145 1028 6222 seniores
1045 6148 1209 6246 juvenis,
1230 6166 1266 6224 et
1285 6148 1324 6223 in
1373 6148 1413 6224 in
1438 6147 1499 6223 his
1524 6173 1612 6247 quae
1641 6146 1767 6223 Patris
1796 6146 1873 6221 mei
1889 6165 2010 6234 sunt,
2037 6151 2187 6244 opertet

506 6252 713 6346 conspectu
734 6244 949 6346 potentium
969 6245 1211 6321 admirebilis
1240 6254 1346 6325 ero!
1373 6272 1436 6322 me
1468 6254 1577 6322 essel
1611 6249 1658 6323 Et
1694 6246 1768 6345 ipsi
1809 6271 1886 6321 non
1921 6246 2187 6321 intellexerunt

573 6464 662 6504 ursan
680 6469 717 6506 nr
734 6466 865 6505 curaris.
1261 6450 1266 6457 “
2028 6464 2039 6499 ι
