5325 7200
548 798 573 872 α
1149 791 1217 866 nn
1237 791 1328 888 xvij.
1350 791 1433 885 xxvj
1473 791 1696 867 vicennali<

534 943 612 1043 -qui
651 940 762 1022 audit
795 965 877 1043 me,
897 947 937 1021 et
955 939 1024 1044 qui
1043 941 1181 1044 vigilat
1198 943 1250 1022 ad
1269 941 1375 1022 iores
1415 941 1420 954 “

543 1073 657 1132 meas
675 1049 1124 1153 quotidieetobsorvat
1155 1049 1208 1129 ad
1237 1059 1373 1153 postes

1460 942 1566 1024 illam
1583 957 1648 1024 tua
1666 946 1790 1046 grellia
1815 947 2079 1050 praeveniente
2099 947 2151 1025 ab
2170 952 2281 1026 omni

1458 1051 1548 1131 latre
1563 1052 1780 1132 immimem
1798 1055 2049 1156 profitemur;
2068 1055 2286 1153 ilaejasin·
2434 1072 2435 1105 ί

545 1159 640 1241 ostii
668 1157 757 1238 mei.
778 1158 858 1257 Qui
881 1179 945 1238 me
968 1157 1183 1256 invinerit,
1202 1158 1377 1236 inveniet
1453 1159 1697 1240 lercessione
1723 1183 1746 1238 a
1772 1163 1901 1265 culpis
1927 1160 2118 1243 omnibus
2139 1161 2283 1242 libero·

547 1267 688 1364 vitam,
706 1271 746 1346 et
776 1263 933 1346 houriet
958 1263 1126 1346 salvitem
1145 1288 1169 1343 α
1187 1263 1374 1344 Domino.

600 1367 812 1450 Graduale.
833 1366 973 1446 luditlr
1001 1373 1054 1466 lo,
1081 1371 1142 1446 25.
1164 1369 1376 1451 Benedicta

1458 1292 1558 1346 mur.
1574 1270 1649 1348 Per
1663 1268 1890 1349 [lominum.

1513 1371 1694 1452 Praelatio
1716 1372 1764 1452 dc
1788 1373 1833 1450 B.
1856 1373 1982 1452 Μανία
1993 1369 2166 1474 Virgine.
2186 1374 2286 1456 litte

548 1505 592 1560 es
610 1491 664 1577 tu,
680 1481 799 1584 Virgo
814 1479 951 1577 Maria,
969 1502 993 1559 a
1012 1479 1185 1560 Domino
1201 1478 1287 1558 Deo
1304 1501 1375 1558 ex·
1455 1485 1494 1564 in
1525 1483 1797 1586 conceptione
1823 1483 2096 1565 Immaculdta.
2120 1480 2170 1558 Et
2188 1477 2283 1556 dici-

543 1589 656 1672 colso
674 1611 758 1691 proe
779 1585 971 1668 omnibus
990 1585 1226 1668 melioribus
1252 1605 1374 1688 super

545 1707 705 1777 terram.
732 1693 770 1772 l.
805 1695 864 1775 Tu
899 1694 1025 1800 glorie
1050 1693 1296 1790 Jerrisclem,
1324 1703 1369 1774 tu

545 1804 683 1886 letitia
702 1801 887 1902 lsrael,tu
901 1801 1209 1884 honorificentia
1227 1800 1369 1904 populi

546 1911 686 1994 nostri.

598 2019 783 2115 alleluia,
798 2015 1014 2099 alleldiad.
1038 2013 1151 2094 Cant.
1169 2019 1204 2090 ί.
1224 2017 1372 2097 Ποία

542 2127 712 2230 pulchra
724 2150 778 2224 es,
794 2126 929 2224 Μανία,
945 2133 983 2206 et
997 2123 1152 2204 mocula
1164 2123 1371 2228 origindlis

542 2259 623 2316 non
643 2242 705 2316 est
722 2235 763 2314 iu
782 2241 834 2314 te.
854 2231 1037 2314 olleldia.

576 2343 618 2418 ln
636 2339 768 2418 Missis
781 2339 919 2420 votivis
938 2347 1026 2441 nost
1038 2340 1240 2441 Septuag„
1254 2342 1373 2422 omis-

549 2447 783 2529 sisdlleldia
802 2453 841 2525 et
859 2449 895 2545 i.
910 2469 1008 2548 seq,
1026 2445 1177 2526 dicitur
1191 2449 1370 2530 l'ractus.

548 2555 646 2634 Ρααί.
669 2557 728 2634 86.
749 2559 782 2632 l.
804 2555 1071 2636 Fundamenta
1091 2557 1174 2655 ejus
1196 2555 1235 2633 in
1256 2556 1370 2637 mon·

534 2663 812 2746 tibussanctis
828 2693 836 2744 :
852 2663 981 2768 diligit
1006 2665 1205 2744 Dominus
1229 2672 1366 2765 portas

541 2771 639 2853 Sion
674 2795 796 2874 super
832 2771 968 2852 omnia
999 2769 1257 2850 labernocula
1298 2772 1371 2852 la·

542 2879 632 2961 cob.
646 2882 684 2976 it.
700 2877 883 2962 Gloriosa
909 2877 1130 2959 dictasunt
1154 2877 1204 2957 de
1226 2884 1286 2975 te,
1314 2879 1371 2958 ci·

538 2988 641 3070 vitas
672 2987 756 3068 Dei.
785 2987 838 3083 it·
856 2985 989 3066 Homo
1006 2992 1123 3066 natus
1149 2986 1273 3066 estin
1303 3009 1371 3084 ea,

543 3102 584 3176 et
601 3095 686 3199 ipse
704 3093 885 3176 tundivit
899 3115 988 3173 eam
1001 3091 1242 3174 ditissimus.

594 3202 789 3303 Tempore
825 3198 1008 3278 Paschali
1052 3201 1252 3280 omittitur
1280 3200 1374 3279 Gra-

547 3309 679 3406 duale,
700 3317 738 3389 et
757 3310 841 3408 ejnr
869 3307 960 3388 loco
988 3307 1137 3388 dieitur
1157 3337 1163 3384 :
1182 3305 1371 3400 dllelviia,

545 3415 716 3496 alleldia.
756 3418 794 3498 i.
816 3415 875 3496 Tu
903 3414 1030 3518 gloria
1060 3413 1303 3512 Jerdsalem,
1329 3423 1373 3494 tu

543 3524 683 3607 laetitia
720 3523 864 3623 lsrael,
898 3534 940 3603 tu
960 3519 1265 3604 honorificontia
1296 3521 1374 3625 po·

542 3634 628 3736 puli
664 3634 802 3713 nostri.
822 3632 1001 3712 Allelriia.
1030 3636 1066 3714 v.
1089 3630 1372 3733 l'otapulchra

542 3764 597 3837 es,
617 3740 762 3837 Μανία,
794 3748 832 3819 et
860 3739 1017 3819 mocula
1051 3738 1257 3841 originolis
1285 3760 1370 3818 nou

546 3848 662 3927 estin
683 3856 735 3928 te.
756 3846 939 3926 dllelriia.

548 3954 760 4059 Sequentia
779 3954 912 4033 sancti
927 3952 1126 4055 Evangelii
1145 3951 1365 4031 secondum

786 4062 944 4143 Lucam.
978 4063 1096 4163 capit.
1120 4068 1152 4139 l.

630 4170 700 4252 illo
726 4170 931 4273 tompore:
955 4166 1100 4247 Missus
1117 4172 1175 4246 est
1198 4166 1370 4271 Angelus

585 4278 743 4360 Gobriel
758 4301 781 4357 a
795 4281 880 4358 Deo
899 4276 938 4355 in
957 4273 1153 4355 civitatem
1172 4273 1368 4370 Galilaeae,
1439 4303 1442 4307 ·

540 4388 605 4465 cui
650 4408 795 4466 nomen
833 4383 1050 4478 Nouareth,
1086 4380 1138 4461 ad
1176 4382 1368 4485 virginem

547 4492 828 4596 desponslvtam
864 4491 976 4584 viro,
1006 4489 1070 4568 cui
1111 4510 1256 4568 nomen
1285 4498 1371 4567 erat

543 4601 710 4703 loseph,
738 4601 789 4679 de
816 4598 938 4678 domo
964 4596 1116 4691 David,
1145 4604 1185 4676 et
1219 4618 1365 4677 nomen

546 4710 708 4813 virginis
736 4708 871 4787 Μανία.
901 4708 951 4785 lit
973 4705 1172 4809 ingressus
1194 4706 1367 4809 Angelus

547 4818 596 4899 ad
616 4840 717 4911 eam,
732 4816 854 4907 dixit:
869 4814 963 4911 ove,
979 4814 1104 4915 gritia
1119 4813 1235 4915 plena
1257 4844 1265 4888 :
1290 4812 1368 4891 llo·

547 4926 680 5010 minus
698 4936 829 5003 tecum
847 4952 855 5001 :
876 4920 1089 5001 Benedicta
1105 4930 1147 5001 tu
1173 4922 1211 4999 in
1231 4920 1369 5000 mulio·

428 5052 431 5059 ’
545 5034 667 5113 ribus.

595 5140 747 5235 Credo,
767 5140 876 5245 quod
896 5138 1057 5221 dicitur·
1070 5164 1141 5244 per
1160 5148 1282 5224 totam
1304 5144 1375 5223 Oc·

547 5262 867 5441 taxolalo'ortorium.
888 5362 979 5438 Luc.
1005 5362 1038 5435 l.
1054 5350 1374 5455 avellaringri·

541 5466 594 5545 tia
612 5464 731 5568 plena
747 5490 756 5539 t
772 5462 968 5543 Dominus
984 5468 1134 5539 tecum:
1156 5458 1369 5539 Benedicta

536 5586 582 5655 ta
601 5575 641 5653 in
666 5570 912 5653 mulieribus.
932 5568 1110 5649 dllelirin.

873 5682 1048 5764 Secreta.

591 5808 776 5865 lauranum
805 5783 985 5863 llostiam
1003 5845 1012 5877 ,
1031 5804 1152 5887 quam
1186 5780 1227 5859 in
1256 5778 1369 5861 Sole·

548 5902 565 5971 t
610 5893 772 5973 mnitite
798 5890 1067 5971 lmmnculritre
1081 5884 1368 5991 Conceptionis

538 5998 670 6078 'laedive
690 6000 862 6103 Virginis
895 5998 1032 6079 Μανίαν
1055 5996 1151 6093 tibi,
1179 5994 1371 6086 Domine,

527 6108 756 6205 efferimus,
774 6109 934 6213 sriscipe
954 6118 992 6187 et
1013 6114 1158 6211 praesta
1176 6134 1184 6185 :
1204 6103 1372 6205 at,sicnt

1460 1601 1524 1669 tur
1538 1612 1609 1690 per
1627 1597 1752 1672 totam
1772 1589 1982 1684 Octavam,
2003 1589 2123 1666 etiam
2147 1587 2186 1664 in
2211 1587 2277 1664 lic·

1461 1700 1532 1777 stis
1559 1699 1663 1776 inira
1688 1719 1778 1776 eam
1805 1695 2125 1775 occurrentibus.

1515 1804 1773 1884 Communia.
1791 1803 1974 1885 Gloriosa
1990 1803 2097 1884 dicta
2120 1813 2216 1884 sunt
2231 1803 2282 1882 de

1456 1919 1504 2007 te,
1538 1911 1678 2007 Μανία,
1710 1914 1804 2014 quia
1824 1912 1916 1992 lecit
1937 1911 2010 1992 tibi
2027 1933 2188 2015 magna,
2214 1913 2283 2014 qui

1458 2029 1688 2122 potensest.

1699 2130 2041 2232 Postcommunio.

1509 2258 1714 2314 acclusam
1728 2259 1817 2338 quae
1831 2233 2093 2336 sirmnsimus,
2110 2233 2283 2315 Domine

1461 2264 1632 2426 Silene
1655 2355 1800 2440 noster,
1826 2343 1933 2422 illius
1950 2343 1991 2420 in
2014 2343 2134 2422 nobis
2152 2344 2284 2444 culpae

1457 2450 1619 2530 volnera
1637 2453 1834 2553 reparent3
1850 2475 1965 2556 aqua
1980 2453 2281 2535 lmmaculotam

1458 2559 1582 2638 beritac
1609 2561 1744 2640 Μανία
1768 2561 2081 2664 Conceplionem
2107 2562 2283 2666 singulo·

1456 2669 1552 2745 riter
1576 2668 1834 2769 praeservisti.
1864 2670 1938 2748 Per
1964 2669 2195 2750 Dominum.

2120 2819 2274 2838 —

1658 2901 1718 2954 nm
1748 2901 1840 2954 nnn
1872 2897 2082 2952 nncnnmus.

1479 2985 1520 3064 B.
1548 2986 1712 3066 ίΟΑΝΜ
1721 2984 1765 3064 18
1784 2981 2085 3080 ΜΑίίίΝΟΝίΙ,
2104 2978 2255 3061 CONF.

1507 3095 1644 3190 Missa,
1677 3097 1728 3172 Os
1754 3091 1874 3194 justi,
1906 3093 1955 3168 dc
1980 3091 2134 3170 Comm.
2166 3088 2280 3166 Cenl'.

1460 3223 1540 3282 non
1566 3202 1679 3282 Pont.

1797 3307 1950 3386 Oratio.

1460 3433 1629 3603 Donusa
1658 3412 1751 3494 Iesu
1784 3411 1967 3510 Christe,
2002 3412 2072 3513 qui
2115 3409 2278 3490 beilum

1536 3524 1733 3602 terionem
1760 3518 2039 3600 confessorem
2067 3527 2181 3598 tuum
2208 3540 2284 3621 per

1457 3635 1660 3714 assiduam
1696 3629 1898 3709 Passionis
1929 3638 2008 3707 tuae
2038 3626 2283 3730 contempla·

1457 3742 1604 3822 tionem
1629 3739 1870 3818 imitatorem
1898 3738 1956 3817 tui
1975 3734 2165 3815 eximium
2188 3732 2283 3813 elie·

1455 3850 1566 3930 cisti:
1582 3848 1720 3949 ipsine,
1734 3867 1979 3949 quaesumus,
1995 3841 2280 3923 intercessione

1455 3956 1630 4038 concode
1638 3984 1649 4047 ;
1667 3965 1712 4033 ut
1734 3954 1910 4055 ejosoem
1937 3951 2113 4055 vestigiis
2151 3949 2281 4029 inhar-

1456 4067 1613 4160 routes,
1648 4062 1851 4141 Passionis
1877 4070 1955 4139 tuae
1985 4060 2160 4138 fructum
2190 4081 2280 4161 per·

1456 4176 1589 4276 cipere
1605 4170 1814 4249 valeomus.
1840 4170 1920 4267 Qui
1938 4168 2049 4247 vivis.

1656 4394 1714 4446 ltlE
1740 4394 1841 4447 xxvi.
1874 4392 2082 4445 nllcssltltltts.

1454 4474 1694 4556 coniurent.
1726 4473 1852 4555 ΟΜΝ.
1882 4473 1954 4555 SS.
1980 4470 2280 4553 llnnrrnorr.

1461 4712 1590 4879 Daris,
1601 4693 1760 4880 (ruffine
1775 4586 2107 4879 doootossogmium
2124 4684 2282 4767 sancto-

1536 4823 1626 4881 rum
1726 4824 1745 4879 r
1790 4822 1878 4889 rum
1925 4823 1949 4877 n
1981 4819 2070 4877 rum
2102 4816 2279 4877 comme·

1456 4909 1677 4988 moratione
1700 4826 1879 4987 laetificas
1902 4932 1911 4983 ε
1937 4902 2122 4985 concode.
2144 4900 2280 5004 propi·

1455 5018 1549 5111 tius;
1576 5024 1621 5095 ut
1649 5037 1822 5117 quorum
1854 5012 2073 5117 gaudomus
2102 5008 2275 5099 moritis,

1455 5123 1723 5205 accendimur
1738 5121 1943 5225 exemplis.
1955 5120 2030 5199 Per
2047 5114 2279 5197 Dominum.

1777 5236 1950 5312 Secreta.

1462 5350 1661 5519 Onmrrs,
1678 5356 1910 5440 quesumus
1935 5330 2129 5429 Domine,
2149 5328 2281 5434 placo·

1539 5470 1582 5526 re
1600 5444 1851 5542 munoribus,
1876 5450 1915 5523 et
1940 5437 2282 5521 intercedentibus

1456 5552 1647 5633 omnibus
1678 5550 1829 5631 sanctis
1853 5547 2097 5650 lilartyribus
2127 5542 2282 5640 tuis,a

1456 5662 1612 5741 cunctis
1649 5681 1725 5740 nos
1758 5656 1929 5739 deionde
1962 5651 2163 5758 periculis.
2207 5652 2284 5733 Per

1456 5768 1689 5849 Dominum.

1705 5878 2041 5961 postcommunio.

1462 6002 1573 6169 Hac
1598 6006 1673 6065 nos
1694 5980 1947 6076 commocio,
1966 5977 2159 6076 Domine,
2184 5998 2284 6080 pur·

1537 6100 1602 6195 get
1619 6114 1642 6169 α
1660 6090 1848 6189 crimine,
1870 6099 1908 6170 et
1938 6086 2281 6169 intercedentibus
