<?xml version="1.0" encoding="UTF-8"?>
<!DOCTYPE html PUBLIC "-//W3C//DTD XHTML 1.0 Transitional//EN"
    "http://www.w3.org/TR/xhtml1/DTD/xhtml1-transitional.dtd">
<html xmlns="http://www.w3.org/1999/xhtml" xml:lang="en" lang="en">
 <head>
  <title>
</title>
<meta http-equiv="Content-Type" content="text/html;charset=utf-8" />
  <meta name='ocr-system' content='tesseract 3.04.00' />
  <meta name='ocr-capabilities' content='ocr_page ocr_carea ocr_par ocr_line ocrx_word'/>
</head>
<body>
  <div class='ocr_page' id='page_1' title='image "./officiapropriad00churgoog_0579.png"; bbox 0 0 5325 7200; ppageno 0'>
   <div class='ocr_carea' id='block_1_1' title="bbox 1055 803 2145 904">
    <p class='ocr_par' dir='ltr' id='par_1_1' title="bbox 1055 803 2145 904">
     <span class='ocr_line' id='line_1_1' title="bbox 1055 803 2145 904; baseline -0.012 -22"><span class='ocrx_word' id='word_1_1' title='bbox 1055 803 1127 884; x_wconf 88' lang='lat' dir='ltr'><strong>Die</strong></span> <span class='ocrx_word' id='word_1_2' title='bbox 1145 803 1209 904; x_wconf 84' lang='lat' dir='ltr'><strong>vij.</strong></span> <span class='ocrx_word' id='word_1_3' title='bbox 1231 803 1488 904; x_wconf 70' lang='lat' dir='ltr'><strong>Septembris.</strong></span> <span class='ocrx_word' id='word_1_4' title='bbox 1920 820 1923 826; x_wconf 79' lang='grc'><strong>’</strong></span> <span class='ocrx_word' id='word_1_5' title='bbox 2096 821 2145 894; x_wconf 64' lang='lat'><strong>»27</strong></span> 
     </span>
    </p>
   </div>
   <div class='ocr_carea' id='block_1_2' title="bbox 391 982 1228 6274">
    <p class='ocr_par' dir='ltr' id='par_1_2' title="bbox 396 982 1228 2817">
     <span class='ocr_line' id='line_1_2' title="bbox 396 982 1225 1069; baseline -0.011 0"><span class='ocrx_word' id='word_1_6' title='bbox 396 989 524 1069; x_wconf 89' lang='lat' dir='ltr'><strong>Deum</strong></span> <span class='ocrx_word' id='word_1_7' title='bbox 555 989 669 1068; x_wconf 89' lang='lat' dir='ltr'><strong>locis.</strong></span> <span class='ocrx_word' id='word_1_8' title='bbox 703 988 750 1066; x_wconf 83' lang='lat' dir='ltr'><strong>Et</strong></span> <span class='ocrx_word' id='word_1_9' title='bbox 777 983 976 1066; x_wconf 86' lang='lat' dir='ltr'><strong>invocevit</strong></span> <span class='ocrx_word' id='word_1_10' title='bbox 1008 982 1225 1064; x_wconf 71' lang='lat' dir='ltr'><strong>Delminum</strong></span> 
     </span>
     <span class='ocr_line' id='line_1_3' title="bbox 397 1093 1225 1199; baseline -0.008 -21"><span class='ocrx_word' id='word_1_11' title='bbox 397 1097 712 1199; x_wconf 88' lang='lat' dir='ltr'><strong>omnipotentem</strong></span> <span class='ocrx_word' id='word_1_12' title='bbox 742 1095 782 1172; x_wconf 90' lang='lat' dir='ltr'><strong>in</strong></span> <span class='ocrx_word' id='word_1_13' title='bbox 801 1093 1071 1197; x_wconf 81' lang='lat' dir='ltr'><strong>oppugnendo</strong></span> <span class='ocrx_word' id='word_1_14' title='bbox 1090 1094 1225 1172; x_wconf 86' lang='lat' dir='ltr'><strong>hostes</strong></span> 
     </span>
     <span class='ocr_line' id='line_1_4' title="bbox 396 1199 1226 1304; baseline -0.008 -20"><span class='ocrx_word' id='word_1_15' title='bbox 396 1205 700 1285; x_wconf 84' lang='lat' dir='ltr'><strong>circumstentes</strong></span> <span class='ocrx_word' id='word_1_16' title='bbox 734 1203 923 1304; x_wconf 82' lang='lat' dir='ltr'><strong>dedique,</strong></span> <span class='ocrx_word' id='word_1_17' title='bbox 953 1201 994 1279; x_wconf 92' lang='lat' dir='ltr'><strong>in</strong></span> <span class='ocrx_word' id='word_1_18' title='bbox 1022 1199 1226 1280; x_wconf 86' lang='lat' dir='ltr'><strong>oblatiene</strong></span> 
     </span>
     <span class='ocr_line' id='line_1_5' title="bbox 397 1308 1226 1416; baseline -0.007 -24"><span class='ocrx_word' id='word_1_19' title='bbox 397 1315 486 1416; x_wconf 80' lang='lat' dir='ltr'><strong>agni</strong></span> <span class='ocrx_word' id='word_1_20' title='bbox 524 1313 716 1393; x_wconf 79' lang='lat' dir='ltr'><strong>invioldti.</strong></span> <span class='ocrx_word' id='word_1_21' title='bbox 754 1313 802 1390; x_wconf 84' lang='lat' dir='ltr'><strong>Et</strong></span> <span class='ocrx_word' id='word_1_22' title='bbox 834 1310 1009 1389; x_wconf 82' lang='lat' dir='ltr'><strong>intenuit</strong></span> <span class='ocrx_word' id='word_1_23' title='bbox 1039 1309 1089 1386; x_wconf 90' lang='lat' dir='ltr'><strong>de</strong></span> <span class='ocrx_word' id='word_1_24' title='bbox 1123 1308 1226 1386; x_wconf 90' lang='lat' dir='ltr'><strong>coelo</strong></span> 
     </span>
     <span class='ocr_line' id='line_1_6' title="bbox 396 1416 1225 1522; baseline -0.01 -22"><span class='ocrx_word' id='word_1_25' title='bbox 396 1421 608 1522; x_wconf 81' lang='lat' dir='ltr'><strong>Deminus,</strong></span> <span class='ocrx_word' id='word_1_26' title='bbox 628 1431 667 1500; x_wconf 90' lang='lat' dir='ltr'><strong>et</strong></span> <span class='ocrx_word' id='word_1_27' title='bbox 684 1422 724 1498; x_wconf 90' lang='lat' dir='ltr'><strong>in</strong></span> <span class='ocrx_word' id='word_1_28' title='bbox 740 1420 875 1498; x_wconf 80' lang='lat' dir='ltr'><strong>sonitu</strong></span> <span class='ocrx_word' id='word_1_29' title='bbox 890 1440 1033 1520; x_wconf 82' lang='lat' dir='ltr'><strong>magno</strong></span> <span class='ocrx_word' id='word_1_30' title='bbox 1048 1416 1225 1495; x_wconf 84' lang='lat' dir='ltr'><strong>auditam</strong></span> 
     </span>
     <span class='ocr_line' id='line_1_7' title="bbox 397 1524 1227 1628; baseline -0.008 -22"><span class='ocrx_word' id='word_1_31' title='bbox 397 1529 490 1608; x_wconf 86' lang='lat' dir='ltr'><strong>fecit</strong></span> <span class='ocrx_word' id='word_1_32' title='bbox 522 1552 661 1609; x_wconf 90' lang='lat' dir='ltr'><strong>vocem</strong></span> <span class='ocrx_word' id='word_1_33' title='bbox 689 1549 815 1622; x_wconf 92' lang='lat' dir='ltr'><strong>suam,</strong></span> <span class='ocrx_word' id='word_1_34' title='bbox 843 1535 882 1606; x_wconf 91' lang='lat' dir='ltr'><strong>et</strong></span> <span class='ocrx_word' id='word_1_35' title='bbox 899 1525 1085 1605; x_wconf 80' lang='lat' dir='ltr'><strong>contrivit</strong></span> <span class='ocrx_word' id='word_1_36' title='bbox 1112 1524 1227 1628; x_wconf 87' lang='lat' dir='ltr'><strong>prin-</strong></span> 
     </span>
     <span class='ocr_line' id='line_1_8' title="bbox 397 1633 1227 1740; baseline -0.01 -22"><span class='ocrx_word' id='word_1_37' title='bbox 397 1639 506 1740; x_wconf 84' lang='lat' dir='ltr'><strong>cipes</strong></span> <span class='ocrx_word' id='word_1_38' title='bbox 526 1639 758 1740; x_wconf 78' lang='lat' dir='ltr'><strong>Tyridrum‚</strong></span> <span class='ocrx_word' id='word_1_39' title='bbox 778 1645 816 1716; x_wconf 91' lang='lat' dir='ltr'><strong>et</strong></span> <span class='ocrx_word' id='word_1_40' title='bbox 832 1657 972 1716; x_wconf 90' lang='lat' dir='ltr'><strong>omnes</strong></span> <span class='ocrx_word' id='word_1_41' title='bbox 987 1633 1109 1714; x_wconf 88' lang='lat' dir='ltr'><strong>duces</strong></span> <span class='ocrx_word' id='word_1_42' title='bbox 1138 1633 1227 1712; x_wconf 87' lang='lat' dir='ltr'><strong>Phi·</strong></span> 
     </span>
     <span class='ocr_line' id='line_1_9' title="bbox 397 1743 1226 1845; baseline 0 -23"><span class='ocrx_word' id='word_1_43' title='bbox 397 1745 577 1825; x_wconf 89' lang='lat' dir='ltr'><strong>listhiim.</strong></span> <span class='ocrx_word' id='word_1_44' title='bbox 615 1747 663 1826; x_wconf 83' lang='lat' dir='ltr'><strong>nt</strong></span> <span class='ocrx_word' id='word_1_45' title='bbox 697 1753 788 1823; x_wconf 91' lang='lat' dir='ltr'><strong>ante</strong></span> <span class='ocrx_word' id='word_1_46' title='bbox 822 1754 979 1845; x_wconf 90' lang='lat' dir='ltr'><strong>tempus</strong></span> <span class='ocrx_word' id='word_1_47' title='bbox 1012 1743 1101 1822; x_wconf 87' lang='lat' dir='ltr'><strong>linis</strong></span> <span class='ocrx_word' id='word_1_48' title='bbox 1136 1743 1226 1822; x_wconf 85' lang='lat' dir='ltr'><strong>vitae</strong></span> 
     </span>
     <span class='ocr_line' id='line_1_10' title="bbox 397 1851 1228 1952; baseline -0.005 -20"><span class='ocrx_word' id='word_1_49' title='bbox 397 1877 480 1934; x_wconf 72' lang='lat' dir='ltr'><strong>succ</strong></span> <span class='ocrx_word' id='word_1_50' title='bbox 512 1863 551 1934; x_wconf 93' lang='lat' dir='ltr'><strong>et</strong></span> <span class='ocrx_word' id='word_1_51' title='bbox 579 1853 726 1947; x_wconf 82' lang='lat' dir='ltr'><strong>saecuti,</strong></span> <span class='ocrx_word' id='word_1_52' title='bbox 757 1852 1029 1934; x_wconf 75' lang='lat' dir='ltr'><strong>testimenium</strong></span> <span class='ocrx_word' id='word_1_53' title='bbox 1056 1851 1228 1952; x_wconf 85' lang='lat' dir='ltr'><strong>praebuit</strong></span> 
     </span>
     <span class='ocr_line' id='line_1_11' title="bbox 397 1957 1227 2063; baseline -0.002 -25"><span class='ocrx_word' id='word_1_54' title='bbox 397 1961 439 2038; x_wconf 95' lang='lat' dir='ltr'><strong>in</strong></span> <span class='ocrx_word' id='word_1_55' title='bbox 466 1962 682 2063; x_wconf 88' lang='lat' dir='ltr'><strong>conspectu</strong></span> <span class='ocrx_word' id='word_1_56' title='bbox 705 1959 887 2056; x_wconf 82' lang='lat' dir='ltr'><strong>Demini,</strong></span> <span class='ocrx_word' id='word_1_57' title='bbox 905 1965 944 2037; x_wconf 90' lang='lat' dir='ltr'><strong>et</strong></span> <span class='ocrx_word' id='word_1_58' title='bbox 961 1957 1106 2039; x_wconf 87' lang='lat' dir='ltr'><strong>Christi</strong></span> <span class='ocrx_word' id='word_1_59' title='bbox 1127 1985 1134 2034; x_wconf 94' lang='lat'><strong>:</strong></span> <span class='ocrx_word' id='word_1_60' title='bbox 1154 1981 1227 2059; x_wconf 85' lang='lat' dir='ltr'><strong>pe-</strong></span> 
     </span>
     <span class='ocr_line' id='line_1_12' title="bbox 398 2063 1226 2170; baseline -0.005 -25"><span class='ocrx_word' id='word_1_61' title='bbox 398 2067 536 2147; x_wconf 87' lang='lat' dir='ltr'><strong>cr‘rnias</strong></span> <span class='ocrx_word' id='word_1_62' title='bbox 567 2077 606 2148; x_wconf 88' lang='lat' dir='ltr'><strong>et</strong></span> <span class='ocrx_word' id='word_1_63' title='bbox 637 2090 762 2170; x_wconf 88' lang='lat' dir='ltr'><strong>usque</strong></span> <span class='ocrx_word' id='word_1_64' title='bbox 794 2066 845 2144; x_wconf 93' lang='lat' dir='ltr'><strong>ad</strong></span> <span class='ocrx_word' id='word_1_65' title='bbox 877 2065 1144 2144; x_wconf 87' lang='lat' dir='ltr'><strong>calceamenta</strong></span> <span class='ocrx_word' id='word_1_66' title='bbox 1175 2063 1226 2142; x_wconf 91' lang='lat' dir='ltr'><strong>ab</strong></span> 
     </span>
     <span class='ocr_line' id='line_1_13' title="bbox 398 2173 1226 2276; baseline -0.002 -22"><span class='ocrx_word' id='word_1_67' title='bbox 398 2179 508 2254; x_wconf 89' lang='lat' dir='ltr'><strong>omni</strong></span> <span class='ocrx_word' id='word_1_68' title='bbox 528 2199 647 2255; x_wconf 87' lang='lat' dir='ltr'><strong>carne</strong></span> <span class='ocrx_word' id='word_1_69' title='bbox 665 2198 744 2255; x_wconf 91' lang='lat' dir='ltr'><strong>non</strong></span> <span class='ocrx_word' id='word_1_70' title='bbox 765 2173 933 2276; x_wconf 85' lang='lat' dir='ltr'><strong>accepit,</strong></span> <span class='ocrx_word' id='word_1_71' title='bbox 954 2183 993 2252; x_wconf 89' lang='lat' dir='ltr'><strong>et</strong></span> <span class='ocrx_word' id='word_1_72' title='bbox 1011 2195 1091 2251; x_wconf 95' lang='lat' dir='ltr'><strong>non</strong></span> <span class='ocrx_word' id='word_1_73' title='bbox 1111 2195 1226 2252; x_wconf 85' lang='lat' dir='ltr'><strong>eccu-</strong></span> 
     </span>
     <span class='ocr_line' id='line_1_14' title="bbox 398 2280 1227 2382; baseline -0.006 -21"><span class='ocrx_word' id='word_1_74' title='bbox 398 2283 499 2362; x_wconf 85' lang='lat' dir='ltr'><strong>sevil</strong></span> <span class='ocrx_word' id='word_1_75' title='bbox 529 2284 642 2364; x_wconf 90' lang='lat' dir='ltr'><strong>illum</strong></span> <span class='ocrx_word' id='word_1_76' title='bbox 677 2284 810 2362; x_wconf 89' lang='lat' dir='ltr'><strong>homo.</strong></span> <span class='ocrx_word' id='word_1_77' title='bbox 845 2283 892 2359; x_wconf 84' lang='lat' dir='ltr'><strong>Et</strong></span> <span class='ocrx_word' id='word_1_78' title='bbox 921 2287 1014 2382; x_wconf 87' lang='lat' dir='ltr'><strong>post</strong></span> <span class='ocrx_word' id='word_1_79' title='bbox 1040 2280 1117 2358; x_wconf 91' lang='lat' dir='ltr'><strong>hoc</strong></span> <span class='ocrx_word' id='word_1_80' title='bbox 1135 2280 1227 2360; x_wconf 91' lang='lat' dir='ltr'><strong>dor·</strong></span> 
     </span>
     <span class='ocr_line' id='line_1_15' title="bbox 398 2387 1228 2490; baseline -0.001 -22"><span class='ocrx_word' id='word_1_81' title='bbox 398 2391 528 2486; x_wconf 73' lang='lat' dir='ltr'><strong>mint,</strong></span> <span class='ocrx_word' id='word_1_82' title='bbox 547 2399 586 2470; x_wconf 92' lang='lat' dir='ltr'><strong>et</strong></span> <span class='ocrx_word' id='word_1_83' title='bbox 603 2399 741 2472; x_wconf 91' lang='lat' dir='ltr'><strong>notum</strong></span> <span class='ocrx_word' id='word_1_84' title='bbox 762 2391 854 2469; x_wconf 89' lang='lat' dir='ltr'><strong>tecit</strong></span> <span class='ocrx_word' id='word_1_85' title='bbox 878 2389 976 2490; x_wconf 78' lang='lat' dir='ltr'><strong>regi,</strong></span> <span class='ocrx_word' id='word_1_86' title='bbox 996 2397 1035 2465; x_wconf 89' lang='lat' dir='ltr'><strong>et</strong></span> <span class='ocrx_word' id='word_1_87' title='bbox 1051 2387 1228 2467; x_wconf 74' lang='lat' dir='ltr'><strong>ostendit</strong></span> 
     </span>
     <span class='ocr_line' id='line_1_16' title="bbox 397 2495 1224 2594; baseline -0.005 -20"><span class='ocrx_word' id='word_1_88' title='bbox 397 2497 455 2575; x_wconf 92' lang='lat' dir='ltr'><strong>illi</strong></span> <span class='ocrx_word' id='word_1_89' title='bbox 476 2499 595 2577; x_wconf 86' lang='lat' dir='ltr'><strong>tinem</strong></span> <span class='ocrx_word' id='word_1_90' title='bbox 615 2503 703 2577; x_wconf 88' lang='lat' dir='ltr'><strong>vitoe</strong></span> <span class='ocrx_word' id='word_1_91' title='bbox 722 2520 815 2594; x_wconf 83' lang='lat' dir='ltr'><strong>suae,</strong></span> <span class='ocrx_word' id='word_1_92' title='bbox 835 2507 873 2576; x_wconf 89' lang='lat' dir='ltr'><strong>et</strong></span> <span class='ocrx_word' id='word_1_93' title='bbox 890 2495 1073 2574; x_wconf 84' lang='lat' dir='ltr'><strong>exaltevit</strong></span> <span class='ocrx_word' id='word_1_94' title='bbox 1091 2517 1224 2574; x_wconf 89' lang='lat' dir='ltr'><strong>vocem</strong></span> 
     </span>
     <span class='ocr_line' id='line_1_17' title="bbox 399 2603 1226 2708; baseline -0.001 -27"><span class='ocrx_word' id='word_1_95' title='bbox 399 2627 512 2682; x_wconf 90' lang='lat' dir='ltr'><strong>suam</strong></span> <span class='ocrx_word' id='word_1_96' title='bbox 546 2606 595 2685; x_wconf 91' lang='lat' dir='ltr'><strong>de</strong></span> <span class='ocrx_word' id='word_1_97' title='bbox 628 2616 733 2686; x_wconf 85' lang='lat' dir='ltr'><strong>terra</strong></span> <span class='ocrx_word' id='word_1_98' title='bbox 768 2606 807 2682; x_wconf 94' lang='lat' dir='ltr'><strong>in</strong></span> <span class='ocrx_word' id='word_1_99' title='bbox 840 2603 1052 2708; x_wconf 87' lang='lat' dir='ltr'><strong>prophetia</strong></span> <span class='ocrx_word' id='word_1_100' title='bbox 1091 2603 1226 2682; x_wconf 88' lang='lat' dir='ltr'><strong>delere</strong></span> 
     </span>
     <span class='ocr_line' id='line_1_18' title="bbox 398 2711 799 2817; baseline 0.01 -29"><span class='ocrx_word' id='word_1_101' title='bbox 398 2711 641 2816; x_wconf 81' lang='lat' dir='ltr'><strong>impietetem</strong></span> <span class='ocrx_word' id='word_1_102' title='bbox 660 2713 799 2817; x_wconf 80' lang='lat' dir='ltr'><strong>gentis.</strong></span> 
     </span>
    </p>

    <p class='ocr_par' dir='ltr' id='par_1_3' title="bbox 395 2818 1228 3685">
     <span class='ocr_line' id='line_1_19' title="bbox 448 2818 1227 2919; baseline 0 -23"><span class='ocrx_word' id='word_1_103' title='bbox 448 2819 658 2899; x_wconf 82' lang='lat' dir='ltr'><strong>Gradnale.</strong></span> <span class='ocrx_word' id='word_1_104' title='bbox 688 2821 802 2898; x_wconf 73' lang='lat' dir='ltr'><strong>{nice</strong></span> <span class='ocrx_word' id='word_1_105' title='bbox 829 2823 863 2896; x_wconf 91' lang='lat' dir='ltr'><strong>t.</strong></span> <span class='ocrx_word' id='word_1_106' title='bbox 889 2818 1059 2898; x_wconf 58' lang='lat' dir='ltr'><strong>lioevltus</strong></span> <span class='ocrx_word' id='word_1_107' title='bbox 1078 2826 1138 2896; x_wconf 89' lang='lat' dir='ltr'><strong>est</strong></span> <span class='ocrx_word' id='word_1_108' title='bbox 1155 2841 1227 2919; x_wconf 86' lang='lat' dir='ltr'><strong>per</strong></span> 
     </span>
     <span class='ocr_line' id='line_1_20' title="bbox 398 2928 1228 3032; baseline -0.004 -23"><span class='ocrx_word' id='word_1_109' title='bbox 398 2953 443 3009; x_wconf 90' lang='lat' dir='ltr'><strong>os</strong></span> <span class='ocrx_word' id='word_1_110' title='bbox 463 2931 710 3028; x_wconf 73' lang='lat' dir='ltr'><strong>sanderum,</strong></span> <span class='ocrx_word' id='word_1_111' title='bbox 730 2929 798 3032; x_wconf 91' lang='lat' dir='ltr'><strong>qui</strong></span> <span class='ocrx_word' id='word_1_112' title='bbox 818 2951 841 3005; x_wconf 89' lang='lat' dir='ltr'><strong>a</strong></span> <span class='ocrx_word' id='word_1_113' title='bbox 859 2928 1006 3008; x_wconf 85' lang='lat' dir='ltr'><strong>saeculo</strong></span> <span class='ocrx_word' id='word_1_114' title='bbox 1025 2936 1117 3006; x_wconf 92' lang='lat' dir='ltr'><strong>sunt</strong></span> <span class='ocrx_word' id='word_1_115' title='bbox 1135 2949 1228 3028; x_wconf 89' lang='lat' dir='ltr'><strong>pro·</strong></span> 
     </span>
     <span class='ocr_line' id='line_1_21' title="bbox 399 3035 1226 3140; baseline -0.005 -24"><span class='ocrx_word' id='word_1_116' title='bbox 399 3039 610 3138; x_wconf 81' lang='lat' dir='ltr'><strong>phalerum</strong></span> <span class='ocrx_word' id='word_1_117' title='bbox 634 3041 729 3140; x_wconf 87' lang='lat' dir='ltr'><strong>ejus.</strong></span> <span class='ocrx_word' id='word_1_118' title='bbox 747 3039 784 3119; x_wconf 78' lang='lat' dir='ltr'><strong>v.</strong></span> <span class='ocrx_word' id='word_1_119' title='bbox 813 3036 1052 3115; x_wconf 83' lang='lat' dir='ltr'><strong>Benedictus</strong></span> <span class='ocrx_word' id='word_1_120' title='bbox 1085 3035 1226 3114; x_wconf 82' lang='lat' dir='ltr'><strong>Demi·</strong></span> 
     </span>
     <span class='ocr_line' id='line_1_22' title="bbox 398 3145 1227 3247; baseline -0.001 -24"><span class='ocrx_word' id='word_1_121' title='bbox 398 3171 472 3226; x_wconf 91' lang='lat' dir='ltr'><strong>nus</strong></span> <span class='ocrx_word' id='word_1_122' title='bbox 493 3149 598 3226; x_wconf 90' lang='lat' dir='ltr'><strong>Deus</strong></span> <span class='ocrx_word' id='word_1_123' title='bbox 618 3146 754 3238; x_wconf 90' lang='lat' dir='ltr'><strong>lsrael,</strong></span> <span class='ocrx_word' id='word_1_124' title='bbox 775 3147 869 3247; x_wconf 87' lang='lat' dir='ltr'><strong>quia</strong></span> <span class='ocrx_word' id='word_1_125' title='bbox 883 3145 1054 3226; x_wconf 82' lang='lat' dir='ltr'><strong>visitevit</strong></span> <span class='ocrx_word' id='word_1_126' title='bbox 1072 3155 1111 3224; x_wconf 91' lang='lat' dir='ltr'><strong>et</strong></span> <span class='ocrx_word' id='word_1_127' title='bbox 1133 3145 1227 3223; x_wconf 87' lang='lat' dir='ltr'><strong>lecit</strong></span> 
     </span>
     <span class='ocr_line' id='line_1_23' title="bbox 396 3251 1223 3356; baseline -0.001 -25"><span class='ocrx_word' id='word_1_128' title='bbox 396 3252 713 3356; x_wconf 83' lang='lat' dir='ltr'><strong>redemptidnem</strong></span> <span class='ocrx_word' id='word_1_129' title='bbox 746 3253 875 3356; x_wconf 90' lang='lat' dir='ltr'><strong>plebis</strong></span> <span class='ocrx_word' id='word_1_130' title='bbox 907 3275 1010 3346; x_wconf 79' lang='lat' dir='ltr'><strong>sure,</strong></span> <span class='ocrx_word' id='word_1_131' title='bbox 1041 3251 1223 3348; x_wconf 85' lang='lat' dir='ltr'><strong>allelriia‚</strong></span> 
     </span>
     <span class='ocr_line' id='line_1_24' title="bbox 395 3360 1225 3462; baseline -0.005 -20"><span class='ocrx_word' id='word_1_132' title='bbox 395 3363 568 3444; x_wconf 83' lang='lat' dir='ltr'><strong>alletriia.</strong></span> <span class='ocrx_word' id='word_1_133' title='bbox 599 3367 635 3460; x_wconf 67' lang='lat' dir='ltr'><strong>t.</strong></span> <span class='ocrx_word' id='word_1_134' title='bbox 654 3361 709 3440; x_wconf 86' lang='lat' dir='ltr'><strong>Te</strong></span> <span class='ocrx_word' id='word_1_135' title='bbox 758 3361 1040 3462; x_wconf 84' lang='lat' dir='ltr'><strong>propheterum</strong></span> <span class='ocrx_word' id='word_1_136' title='bbox 1068 3360 1225 3438; x_wconf 84' lang='lat' dir='ltr'><strong>venere·</strong></span> 
     </span>
     <span class='ocr_line' id='line_1_25' title="bbox 396 3467 1222 3564; baseline -0.004 -13"><span class='ocrx_word' id='word_1_137' title='bbox 396 3467 1222 3564; x_wconf 82' lang='lat' dir='ltr'><strong>bilisndmcruslaudat,deine,alleli1ia.</strong></span> 
     </span>
     <span class='ocr_line' id='line_1_26' title="bbox 395 3573 1223 3685; baseline -0.01 -22"><span class='ocrx_word' id='word_1_138' title='bbox 395 3580 611 3685; x_wconf 73' lang='lat' dir='ltr'><strong>Sequentia</strong></span> <span class='ocrx_word' id='word_1_139' title='bbox 637 3579 764 3659; x_wconf 91' lang='lat' dir='ltr'><strong>sancti</strong></span> <span class='ocrx_word' id='word_1_140' title='bbox 786 3573 986 3678; x_wconf 79' lang='lat' dir='ltr'><strong>Evangelii</strong></span> <span class='ocrx_word' id='word_1_141' title='bbox 1005 3573 1223 3657; x_wconf 79' lang='lat' dir='ltr'><strong>secandum</strong></span> 
     </span>
    </p>

    <p class='ocr_par' dir='ltr' id='par_1_4' title="bbox 672 3685 1144 3787">
     <span class='ocr_line' id='line_1_27' title="bbox 672 3685 1144 3787; baseline -0.008 -22"><span class='ocrx_word' id='word_1_142' title='bbox 672 3685 817 3765; x_wconf 86' lang='lat' dir='ltr'><strong>Lucam</strong></span> <span class='ocrx_word' id='word_1_143' title='bbox 839 3708 871 3761; x_wconf 91' lang='lat' dir='ltr'><strong>c.</strong></span> <span class='ocrx_word' id='word_1_144' title='bbox 893 3688 948 3762; x_wconf 84' lang='lat' dir='ltr'><strong>m.</strong></span> <span class='ocrx_word' id='word_1_145' title='bbox 1142 3780 1144 3787; x_wconf 17' lang='grc' dir='ltr'>Ι</span> 
     </span>
    </p>

    <p class='ocr_par' dir='ltr' id='par_1_5' title="bbox 391 3790 1227 6274">
     <span class='ocr_line' id='line_1_28' title="bbox 437 3790 1226 3895; baseline -0.003 -25"><span class='ocrx_word' id='word_1_146' title='bbox 437 3818 458 3871; x_wconf 91' lang='lat' dir='ltr'><strong>n</strong></span> <span class='ocrx_word' id='word_1_147' title='bbox 488 3790 558 3871; x_wconf 90' lang='lat' dir='ltr'><strong>illo</strong></span> <span class='ocrx_word' id='word_1_148' title='bbox 589 3794 798 3895; x_wconf 87' lang='lat' dir='ltr'><strong>tempore:</strong></span> <span class='ocrx_word' id='word_1_149' title='bbox 825 3790 934 3869; x_wconf 87' lang='lat' dir='ltr'><strong>Dixit</strong></span> <span class='ocrx_word' id='word_1_150' title='bbox 957 3792 1073 3872; x_wconf 82' lang='lat' dir='ltr'><strong>lesus</strong></span> <span class='ocrx_word' id='word_1_151' title='bbox 1101 3791 1226 3871; x_wconf 88' lang='lat' dir='ltr'><strong>disct-</strong></span> 
     </span>
     <span class='ocr_line' id='line_1_29' title="bbox 397 3821 1224 4003; baseline 0.001 -23"><span class='ocrx_word' id='word_1_152' title='bbox 397 3821 434 3991; x_wconf 77' lang='grc' dir='ltr'>Ι</span> <span class='ocrx_word' id='word_1_153' title='bbox 456 3901 562 4003; x_wconf 89' lang='lat' dir='ltr'><strong>pulis</strong></span> <span class='ocrx_word' id='word_1_154' title='bbox 580 3902 665 3981; x_wconf 90' lang='lat' dir='ltr'><strong>suis</strong></span> <span class='ocrx_word' id='word_1_155' title='bbox 688 3900 920 4003; x_wconf 79' lang='lat' dir='ltr'><strong>peribolum</strong></span> <span class='ocrx_word' id='word_1_156' title='bbox 941 3902 1044 3981; x_wconf 86' lang='lat' dir='ltr'><strong>hanc</strong></span> <span class='ocrx_word' id='word_1_157' title='bbox 1064 3932 1072 3980; x_wconf 92' lang='lat'>:</span> <span class='ocrx_word' id='word_1_158' title='bbox 1092 3900 1224 3981; x_wconf 88' lang='lat' dir='ltr'><strong>Homo</strong></span> 
     </span>
     <span class='ocr_line' id='line_1_30' title="bbox 396 4008 1225 4113; baseline -0.002 -26"><span class='ocrx_word' id='word_1_159' title='bbox 396 4008 562 4109; x_wconf 89' lang='lat' dir='ltr'><strong>quidam</strong></span> <span class='ocrx_word' id='word_1_160' title='bbox 606 4009 755 4089; x_wconf 81' lang='lat' dir='ltr'><strong>nebitis</strong></span> <span class='ocrx_word' id='word_1_161' title='bbox 796 4010 895 4088; x_wconf 81' lang='lat' dir='ltr'><strong>ebiit</strong></span> <span class='ocrx_word' id='word_1_162' title='bbox 938 4010 979 4087; x_wconf 94' lang='lat' dir='ltr'><strong>in</strong></span> <span class='ocrx_word' id='word_1_163' title='bbox 1024 4009 1225 4113; x_wconf 80' lang='lat' dir='ltr'><strong>regionem</strong></span> 
     </span>
     <span class='ocr_line' id='line_1_31' title="bbox 396 4118 1225 4221; baseline 0.002 -28"><span class='ocrx_word' id='word_1_164' title='bbox 396 4118 655 4221; x_wconf 81' lang='lat' dir='ltr'><strong>longinquam</strong></span> <span class='ocrx_word' id='word_1_165' title='bbox 678 4118 858 4221; x_wconf 88' lang='lat' dir='ltr'><strong>accipere</strong></span> <span class='ocrx_word' id='word_1_166' title='bbox 876 4118 952 4197; x_wconf 89' lang='lat' dir='ltr'><strong>sibi</strong></span> <span class='ocrx_word' id='word_1_167' title='bbox 979 4142 1166 4219; x_wconf 74' lang='lat' dir='ltr'><strong>regnum,</strong></span> <span class='ocrx_word' id='word_1_168' title='bbox 1186 4127 1225 4195; x_wconf 92' lang='lat' dir='ltr'><strong>et</strong></span> 
     </span>
     <span class='ocr_line' id='line_1_32' title="bbox 396 4226 1224 4307; baseline 0.002 -6"><span class='ocrx_word' id='word_1_169' title='bbox 396 4228 549 4305; x_wconf 87' lang='lat' dir='ltr'><strong>reverti.</strong></span> <span class='ocrx_word' id='word_1_170' title='bbox 580 4227 737 4307; x_wconf 77' lang='lat' dir='ltr'><strong>vocetis</strong></span> <span class='ocrx_word' id='word_1_171' title='bbox 768 4238 899 4305; x_wconf 91' lang='lat' dir='ltr'><strong>autem</strong></span> <span class='ocrx_word' id='word_1_172' title='bbox 932 4227 1070 4305; x_wconf 89' lang='lat' dir='ltr'><strong>decem</strong></span> <span class='ocrx_word' id='word_1_173' title='bbox 1102 4226 1224 4305; x_wconf 90' lang='lat' dir='ltr'><strong>servis</strong></span> 
     </span>
     <span class='ocr_line' id='line_1_33' title="bbox 395 4332 1223 4431; baseline -0.004 -17"><span class='ocrx_word' id='word_1_174' title='bbox 395 4336 489 4431; x_wconf 86' lang='lat' dir='ltr'><strong>sois,</strong></span> <span class='ocrx_word' id='word_1_175' title='bbox 518 4336 630 4415; x_wconf 91' lang='lat' dir='ltr'><strong>dedit</strong></span> <span class='ocrx_word' id='word_1_176' title='bbox 656 4337 712 4414; x_wconf 92' lang='lat' dir='ltr'><strong>eis</strong></span> <span class='ocrx_word' id='word_1_177' title='bbox 737 4334 874 4414; x_wconf 88' lang='lat' dir='ltr'><strong>decem</strong></span> <span class='ocrx_word' id='word_1_178' title='bbox 895 4358 1025 4430; x_wconf 91' lang='lat' dir='ltr'><strong>mnas,</strong></span> <span class='ocrx_word' id='word_1_179' title='bbox 1045 4345 1083 4413; x_wconf 92' lang='lat' dir='ltr'><strong>et</strong></span> <span class='ocrx_word' id='word_1_180' title='bbox 1101 4336 1155 4413; x_wconf 91' lang='lat' dir='ltr'><strong>ait</strong></span> <span class='ocrx_word' id='word_1_181' title='bbox 1173 4332 1223 4411; x_wconf 91' lang='lat' dir='ltr'><strong>ad</strong></span> 
     </span>
     <span class='ocr_line' id='line_1_34' title="bbox 397 4442 1224 4546; baseline -0.002 -27"><span class='ocrx_word' id='word_1_182' title='bbox 397 4444 514 4523; x_wconf 89' lang='lat' dir='ltr'><strong>illos:</strong></span> <span class='ocrx_word' id='word_1_183' title='bbox 543 4444 822 4546; x_wconf 78' lang='lat' dir='ltr'><strong>Negotidmini,</strong></span> <span class='ocrx_word' id='word_1_184' title='bbox 842 4443 938 4521; x_wconf 91' lang='lat' dir='ltr'><strong>dum</strong></span> <span class='ocrx_word' id='word_1_185' title='bbox 957 4442 1085 4521; x_wconf 88' lang='lat' dir='ltr'><strong>venio.</strong></span> <span class='ocrx_word' id='word_1_186' title='bbox 1111 4442 1224 4520; x_wconf 88' lang='lat' dir='ltr'><strong>Cives</strong></span> 
     </span>
     <span class='ocr_line' id='line_1_35' title="bbox 396 4549 1226 4653; baseline -0.008 -22"><span class='ocrx_word' id='word_1_187' title='bbox 396 4562 528 4631; x_wconf 88' lang='lat' dir='ltr'><strong>autem</strong></span> <span class='ocrx_word' id='word_1_188' title='bbox 548 4556 632 4653; x_wconf 91' lang='lat' dir='ltr'><strong>ejus</strong></span> <span class='ocrx_word' id='word_1_189' title='bbox 651 4553 818 4631; x_wconf 84' lang='lat' dir='ltr'><strong>ederant</strong></span> <span class='ocrx_word' id='word_1_190' title='bbox 833 4574 922 4631; x_wconf 89' lang='lat' dir='ltr'><strong>eum</strong></span> <span class='ocrx_word' id='word_1_191' title='bbox 950 4580 956 4627; x_wconf 96' lang='lat'><strong>:</strong></span> <span class='ocrx_word' id='word_1_192' title='bbox 977 4560 1014 4629; x_wconf 90' lang='lat' dir='ltr'><strong>et</strong></span> <span class='ocrx_word' id='word_1_193' title='bbox 1033 4549 1226 4627; x_wconf 87' lang='lat' dir='ltr'><strong>miserant</strong></span> 
     </span>
     <span class='ocr_line' id='line_1_36' title="bbox 398 4658 1225 4762; baseline 0 -25"><span class='ocrx_word' id='word_1_194' title='bbox 398 4660 633 4762; x_wconf 79' lang='lat' dir='ltr'><strong>tegatidncm</strong></span> <span class='ocrx_word' id='word_1_195' title='bbox 653 4670 745 4762; x_wconf 86' lang='lat' dir='ltr'><strong>post</strong></span> <span class='ocrx_word' id='word_1_196' title='bbox 762 4660 898 4753; x_wconf 86' lang='lat' dir='ltr'><strong>illum,</strong></span> <span class='ocrx_word' id='word_1_197' title='bbox 921 4658 1125 4739; x_wconf 88' lang='lat' dir='ltr'><strong>dicentes:</strong></span> <span class='ocrx_word' id='word_1_198' title='bbox 1147 4658 1225 4737; x_wconf 82' lang='lat' dir='ltr'><strong>Ne·</strong></span> 
     </span>
     <span class='ocr_line' id='line_1_37' title="bbox 399 4764 1224 4869; baseline -0.005 -24"><span class='ocrx_word' id='word_1_199' title='bbox 399 4769 530 4847; x_wconf 87' lang='lat' dir='ltr'><strong>lamus</strong></span> <span class='ocrx_word' id='word_1_200' title='bbox 553 4769 659 4847; x_wconf 92' lang='lat' dir='ltr'><strong>bunc</strong></span> <span class='ocrx_word' id='word_1_201' title='bbox 678 4766 841 4867; x_wconf 77' lang='lat' dir='ltr'><strong>regnere</strong></span> <span class='ocrx_word' id='word_1_202' title='bbox 860 4790 1084 4869; x_wconf 89' lang='lat' dir='ltr'><strong>supernos.</strong></span> <span class='ocrx_word' id='word_1_203' title='bbox 1110 4764 1187 4843; x_wconf 75' lang='grc' dir='ltr'><strong>ΕΗ</strong></span> <span class='ocrx_word' id='word_1_204' title='bbox 1210 4804 1224 4819; x_wconf 88' lang='grc'><strong>-</strong></span> 
     </span>
     <span class='ocr_line' id='line_1_38' title="bbox 396 4876 1226 4979; baseline -0.002 -27"><span class='ocrx_word' id='word_1_205' title='bbox 396 4886 505 4954; x_wconf 88' lang='lat' dir='ltr'><strong>ctum</strong></span> <span class='ocrx_word' id='word_1_206' title='bbox 524 4885 583 4955; x_wconf 90' lang='lat' dir='ltr'><strong>est</strong></span> <span class='ocrx_word' id='word_1_207' title='bbox 601 4884 644 4954; x_wconf 92' lang='lat' dir='ltr'><strong>ut</strong></span> <span class='ocrx_word' id='word_1_208' title='bbox 659 4876 806 4955; x_wconf 89' lang='lat' dir='ltr'><strong>rediret</strong></span> <span class='ocrx_word' id='word_1_209' title='bbox 824 4876 986 4977; x_wconf 84' lang='lat' dir='ltr'><strong>accepto</strong></span> <span class='ocrx_word' id='word_1_210' title='bbox 1006 4897 1126 4979; x_wconf 81' lang='lat' dir='ltr'><strong>regno</strong></span> <span class='ocrx_word' id='word_1_211' title='bbox 1151 4904 1159 4952; x_wconf 91' lang='lat'><strong>:</strong></span> <span class='ocrx_word' id='word_1_212' title='bbox 1188 4881 1226 4951; x_wconf 91' lang='lat' dir='ltr'><strong>et</strong></span> 
     </span>
     <span class='ocr_line' id='line_1_39' title="bbox 391 4982 1226 5086; baseline -0.002 -25"><span class='ocrx_word' id='word_1_213' title='bbox 391 4983 513 5083; x_wconf 87' lang='lat' dir='ltr'><strong>jussit</strong></span> <span class='ocrx_word' id='word_1_214' title='bbox 531 4982 662 5061; x_wconf 86' lang='lat' dir='ltr'><strong>voceri</strong></span> <span class='ocrx_word' id='word_1_215' title='bbox 685 5004 836 5081; x_wconf 85' lang='lat' dir='ltr'><strong>servos,</strong></span> <span class='ocrx_word' id='word_1_216' title='bbox 855 4983 1002 5086; x_wconf 90' lang='lat' dir='ltr'><strong>quibus</strong></span> <span class='ocrx_word' id='word_1_217' title='bbox 1023 4984 1135 5062; x_wconf 87' lang='lat' dir='ltr'><strong>dedit</strong></span> <span class='ocrx_word' id='word_1_218' title='bbox 1159 5004 1226 5083; x_wconf 88' lang='lat' dir='ltr'><strong>pe-</strong></span> 
     </span>
     <span class='ocr_line' id='line_1_40' title="bbox 396 5088 1226 5195; baseline -0.002 -27"><span class='ocrx_word' id='word_1_219' title='bbox 396 5088 581 5195; x_wconf 69' lang='lat' dir='ltr'><strong>cliniam,</strong></span> <span class='ocrx_word' id='word_1_220' title='bbox 613 5100 655 5170; x_wconf 91' lang='lat' dir='ltr'><strong>ut</strong></span> <span class='ocrx_word' id='word_1_221' title='bbox 686 5090 805 5169; x_wconf 89' lang='lat' dir='ltr'><strong>sciret</strong></span> <span class='ocrx_word' id='word_1_222' title='bbox 831 5101 1023 5193; x_wconf 90' lang='lat' dir='ltr'><strong>quantum</strong></span> <span class='ocrx_word' id='word_1_223' title='bbox 1056 5092 1226 5194; x_wconf 89' lang='lat' dir='ltr'><strong>quisque</strong></span> 
     </span>
     <span class='ocr_line' id='line_1_41' title="bbox 397 5196 1224 5299; baseline -0.001 -24"><span class='ocrx_word' id='word_1_224' title='bbox 397 5197 621 5299; x_wconf 80' lang='lat' dir='ltr'><strong>negotiatus</strong></span> <span class='ocrx_word' id='word_1_225' title='bbox 634 5208 748 5277; x_wconf 86' lang='lat' dir='ltr'><strong>esset.</strong></span> <span class='ocrx_word' id='word_1_226' title='bbox 767 5196 884 5277; x_wconf 84' lang='lat' dir='ltr'><strong>Venit</strong></span> <span class='ocrx_word' id='word_1_227' title='bbox 901 5208 1031 5279; x_wconf 88' lang='lat' dir='ltr'><strong>autem</strong></span> <span class='ocrx_word' id='word_1_228' title='bbox 1052 5198 1224 5299; x_wconf 77' lang='lat' dir='ltr'><strong>primae,</strong></span> 
     </span>
     <span class='ocr_line' id='line_1_42' title="bbox 397 5306 1226 5403; baseline -0.001 -20"><span class='ocrx_word' id='word_1_229' title='bbox 397 5306 552 5385; x_wconf 89' lang='lat' dir='ltr'><strong>dicens:</strong></span> <span class='ocrx_word' id='word_1_230' title='bbox 565 5307 853 5403; x_wconf 65' lang='lat' dir='ltr'><strong>nominemus</strong></span> <span class='ocrx_word' id='word_1_231' title='bbox 870 5316 937 5387; x_wconf 91' lang='lat' dir='ltr'><strong>tua</strong></span> <span class='ocrx_word' id='word_1_232' title='bbox 956 5307 1092 5386; x_wconf 88' lang='lat' dir='ltr'><strong>decem</strong></span> <span class='ocrx_word' id='word_1_233' title='bbox 1112 5328 1226 5383; x_wconf 86' lang='lat' dir='ltr'><strong>mnas</strong></span> 
     </span>
     <span class='ocr_line' id='line_1_43' title="bbox 395 5412 1226 5519; baseline -0.001 -28"><span class='ocrx_word' id='word_1_234' title='bbox 395 5414 620 5515; x_wconf 87' lang='lat' dir='ltr'><strong>acquisivit.</strong></span> <span class='ocrx_word' id='word_1_235' title='bbox 645 5416 692 5493; x_wconf 85' lang='lat' dir='ltr'><strong>ov</strong></span> <span class='ocrx_word' id='word_1_236' title='bbox 710 5416 765 5493; x_wconf 90' lang='lat' dir='ltr'><strong>ait</strong></span> <span class='ocrx_word' id='word_1_237' title='bbox 782 5414 864 5493; x_wconf 90' lang='lat' dir='ltr'><strong>illi:</strong></span> <span class='ocrx_word' id='word_1_238' title='bbox 885 5412 1004 5519; x_wconf 80' lang='lat' dir='ltr'><strong>Euge,</strong></span> <span class='ocrx_word' id='word_1_239' title='bbox 1024 5416 1128 5495; x_wconf 91' lang='lat' dir='ltr'><strong>bone</strong></span> <span class='ocrx_word' id='word_1_240' title='bbox 1146 5437 1226 5493; x_wconf 88' lang='lat' dir='ltr'><strong>ser-</strong></span> 
     </span>
     <span class='ocr_line' id='line_1_44' title="bbox 394 5521 1227 5622; baseline 0.001 -24"><span class='ocrx_word' id='word_1_241' title='bbox 394 5544 456 5616; x_wconf 84' lang='lat' dir='ltr'><strong>ve,</strong></span> <span class='ocrx_word' id='word_1_242' title='bbox 481 5522 575 5622; x_wconf 90' lang='lat' dir='ltr'><strong>quia</strong></span> <span class='ocrx_word' id='word_1_243' title='bbox 600 5522 640 5599; x_wconf 93' lang='lat' dir='ltr'><strong>in</strong></span> <span class='ocrx_word' id='word_1_244' title='bbox 662 5521 822 5601; x_wconf 81' lang='lat' dir='ltr'><strong>modico</strong></span> <span class='ocrx_word' id='word_1_245' title='bbox 852 5523 960 5602; x_wconf 85' lang='lat' dir='ltr'><strong>fuisti</strong></span> <span class='ocrx_word' id='word_1_246' title='bbox 981 5522 1121 5619; x_wconf 82' lang='lat' dir='ltr'><strong>tidelia,</strong></span> <span class='ocrx_word' id='word_1_247' title='bbox 1148 5522 1227 5601; x_wconf 89' lang='lat' dir='ltr'><strong>eris</strong></span> 
     </span>
     <span class='ocr_line' id='line_1_45' title="bbox 396 5630 1226 5733; baseline 0 -26"><span class='ocrx_word' id='word_1_248' title='bbox 396 5630 632 5730; x_wconf 80' lang='lat' dir='ltr'><strong>potestetem</strong></span> <span class='ocrx_word' id='word_1_249' title='bbox 661 5631 812 5709; x_wconf 88' lang='lat' dir='ltr'><strong>habens</strong></span> <span class='ocrx_word' id='word_1_250' title='bbox 839 5654 959 5733; x_wconf 88' lang='lat' dir='ltr'><strong>snper</strong></span> <span class='ocrx_word' id='word_1_251' title='bbox 977 5631 1114 5711; x_wconf 87' lang='lat' dir='ltr'><strong>decem</strong></span> <span class='ocrx_word' id='word_1_252' title='bbox 1134 5631 1226 5710; x_wconf 89' lang='lat' dir='ltr'><strong>civi-</strong></span> 
     </span>
     <span class='ocr_line' id='line_1_46' title="bbox 397 5736 1226 5839; baseline 0.002 -23"><span class='ocrx_word' id='word_1_253' title='bbox 397 5736 509 5816; x_wconf 84' lang='lat' dir='ltr'><strong>tetes.</strong></span> <span class='ocrx_word' id='word_1_254' title='bbox 530 5740 580 5817; x_wconf 84' lang='lat' dir='ltr'><strong>Et</strong></span> <span class='ocrx_word' id='word_1_255' title='bbox 596 5738 698 5817; x_wconf 88' lang='lat' dir='ltr'><strong>alter</strong></span> <span class='ocrx_word' id='word_1_256' title='bbox 715 5740 836 5839; x_wconf 90' lang='lat' dir='ltr'><strong>venit,</strong></span> <span class='ocrx_word' id='word_1_257' title='bbox 857 5740 995 5819; x_wconf 90' lang='lat' dir='ltr'><strong>dicens</strong></span> <span class='ocrx_word' id='word_1_258' title='bbox 1013 5769 1020 5812; x_wconf 92' lang='lat'><strong>:</strong></span> <span class='ocrx_word' id='word_1_259' title='bbox 1041 5740 1226 5831; x_wconf 85' lang='lat' dir='ltr'><strong>deine‚</strong></span> 
     </span>
     <span class='ocr_line' id='line_1_47' title="bbox 399 5844 1226 5950; baseline 0 -27"><span class='ocrx_word' id='word_1_260' title='bbox 399 5868 493 5923; x_wconf 90' lang='lat' dir='ltr'><strong>rnna</strong></span> <span class='ocrx_word' id='word_1_261' title='bbox 510 5856 578 5925; x_wconf 91' lang='lat' dir='ltr'><strong>tua</strong></span> <span class='ocrx_word' id='word_1_262' title='bbox 596 5844 688 5925; x_wconf 86' lang='lat' dir='ltr'><strong>lecit</strong></span> <span class='ocrx_word' id='word_1_263' title='bbox 703 5848 880 5950; x_wconf 88' lang='lat' dir='ltr'><strong>quinque</strong></span> <span class='ocrx_word' id='word_1_264' title='bbox 909 5870 1034 5925; x_wconf 83' lang='lat' dir='ltr'><strong>mnae.</strong></span> <span class='ocrx_word' id='word_1_265' title='bbox 1061 5848 1109 5927; x_wconf 78' lang='lat' dir='ltr'><strong>Et</strong></span> <span class='ocrx_word' id='word_1_266' title='bbox 1131 5846 1226 5943; x_wconf 83' lang='lat' dir='ltr'><strong>haic</strong></span> 
     </span>
     <span class='ocr_line' id='line_1_48' title="bbox 398 5954 1225 6059; baseline 0.002 -28"><span class='ocrx_word' id='word_1_267' title='bbox 398 5954 475 6033; x_wconf 92' lang='lat' dir='ltr'><strong>ait:</strong></span> <span class='ocrx_word' id='word_1_268' title='bbox 495 5956 596 6034; x_wconf 83' lang='lat' dir='ltr'><strong>Dttu</strong></span> <span class='ocrx_word' id='word_1_269' title='bbox 612 5964 696 6035; x_wconf 90' lang='lat' dir='ltr'><strong>esto</strong></span> <span class='ocrx_word' id='word_1_270' title='bbox 711 5956 1022 6059; x_wconf 86' lang='lat' dir='ltr'><strong>superquinque</strong></span> <span class='ocrx_word' id='word_1_271' title='bbox 1037 5955 1225 6035; x_wconf 78' lang='lat' dir='ltr'><strong>civitetea</strong></span> 
     </span>
     <span class='ocr_line' id='line_1_49' title="bbox 402 6062 1227 6161; baseline 0.004 -22"><span class='ocrx_word' id='word_1_272' title='bbox 402 6062 450 6141; x_wconf 83' lang='lat' dir='ltr'><strong>Et</strong></span> <span class='ocrx_word' id='word_1_273' title='bbox 468 6063 567 6143; x_wconf 90' lang='lat' dir='ltr'><strong>alter</strong></span> <span class='ocrx_word' id='word_1_274' title='bbox 584 6065 713 6161; x_wconf 92' lang='lat' dir='ltr'><strong>venit,</strong></span> <span class='ocrx_word' id='word_1_275' title='bbox 733 6064 870 6144; x_wconf 89' lang='lat' dir='ltr'><strong>dicens</strong></span> <span class='ocrx_word' id='word_1_276' title='bbox 890 6095 898 6143; x_wconf 90' lang='lat'>:</span> <span class='ocrx_word' id='word_1_277' title='bbox 927 6064 1109 6159; x_wconf 82' lang='lat' dir='ltr'><strong>Domine,</strong></span> <span class='ocrx_word' id='word_1_278' title='bbox 1135 6087 1227 6142; x_wconf 91' lang='lat' dir='ltr'><strong>ecce</strong></span> 
     </span>
     <span class='ocr_line' id='line_1_50' title="bbox 399 6171 1226 6274; baseline 0.002 -27"><span class='ocrx_word' id='word_1_279' title='bbox 399 6191 492 6249; x_wconf 91' lang='lat' dir='ltr'><strong>mna</strong></span> <span class='ocrx_word' id='word_1_280' title='bbox 518 6182 606 6271; x_wconf 88' lang='lat' dir='ltr'><strong>lua,</strong></span> <span class='ocrx_word' id='word_1_281' title='bbox 637 6194 756 6273; x_wconf 85' lang='lat' dir='ltr'><strong>quom</strong></span> <span class='ocrx_word' id='word_1_282' title='bbox 790 6172 911 6252; x_wconf 80' lang='lat' dir='ltr'><strong>hebui</strong></span> <span class='ocrx_word' id='word_1_283' title='bbox 943 6171 1157 6274; x_wconf 84' lang='lat' dir='ltr'><strong>repdsitam</strong></span> <span class='ocrx_word' id='word_1_284' title='bbox 1186 6171 1226 6249; x_wconf 92' lang='lat' dir='ltr'><strong>in</strong></span> 
     </span>
    </p>
   </div>
   <div class='ocr_carea' id='block_1_3' title="bbox 1309 981 2148 3325">
    <p class='ocr_par' dir='ltr' id='par_1_6' title="bbox 1309 981 2148 2786">
     <span class='ocr_line' id='line_1_51' title="bbox 1311 981 2145 1084; baseline 0 -22"><span class='ocrx_word' id='word_1_285' title='bbox 1311 981 1501 1062; x_wconf 88' lang='lat' dir='ltr'><strong>suderio:</strong></span> <span class='ocrx_word' id='word_1_286' title='bbox 1536 981 1651 1060; x_wconf 89' lang='lat' dir='ltr'><strong>timui</strong></span> <span class='ocrx_word' id='word_1_287' title='bbox 1684 981 1790 1060; x_wconf 88' lang='lat' dir='ltr'><strong>enim</strong></span> <span class='ocrx_word' id='word_1_288' title='bbox 1821 989 1872 1078; x_wconf 90' lang='lat' dir='ltr'><strong>te,</strong></span> <span class='ocrx_word' id='word_1_289' title='bbox 1904 982 1998 1084; x_wconf 89' lang='lat' dir='ltr'><strong>quia</strong></span> <span class='ocrx_word' id='word_1_290' title='bbox 2022 983 2145 1062; x_wconf 92' lang='lat' dir='ltr'><strong>homo</strong></span> 
     </span>
     <span class='ocr_line' id='line_1_52' title="bbox 1311 1089 2145 1192; baseline 0 -24"><span class='ocrx_word' id='word_1_291' title='bbox 1311 1090 1493 1170; x_wconf 88' lang='lat' dir='ltr'><strong>austerus</strong></span> <span class='ocrx_word' id='word_1_292' title='bbox 1511 1113 1553 1169; x_wconf 87' lang='lat' dir='ltr'><strong>es</strong></span> <span class='ocrx_word' id='word_1_293' title='bbox 1573 1117 1581 1166; x_wconf 91' lang='lat'>:</span> <span class='ocrx_word' id='word_1_294' title='bbox 1600 1089 1708 1168; x_wconf 90' lang='lat' dir='ltr'><strong>tollis</strong></span> <span class='ocrx_word' id='word_1_295' title='bbox 1726 1089 1839 1191; x_wconf 88' lang='lat' dir='ltr'><strong>quod</strong></span> <span class='ocrx_word' id='word_1_296' title='bbox 1856 1112 1937 1169; x_wconf 93' lang='lat' dir='ltr'><strong>non</strong></span> <span class='ocrx_word' id='word_1_297' title='bbox 1968 1091 2145 1192; x_wconf 83' lang='lat' dir='ltr'><strong>posuisti</strong></span> 
     </span>
     <span class='ocr_line' id='line_1_53' title="bbox 1312 1197 2143 1299; baseline 0.001 -24"><span class='ocrx_word' id='word_1_298' title='bbox 1312 1207 1351 1276; x_wconf 90' lang='lat' dir='ltr'><strong>et</strong></span> <span class='ocrx_word' id='word_1_299' title='bbox 1368 1197 1485 1277; x_wconf 90' lang='lat' dir='ltr'><strong>metis</strong></span> <span class='ocrx_word' id='word_1_300' title='bbox 1500 1197 1610 1299; x_wconf 89' lang='lat' dir='ltr'><strong>quod</strong></span> <span class='ocrx_word' id='word_1_301' title='bbox 1629 1219 1708 1275; x_wconf 91' lang='lat' dir='ltr'><strong>non</strong></span> <span class='ocrx_word' id='word_1_302' title='bbox 1729 1197 1946 1275; x_wconf 82' lang='lat' dir='ltr'><strong>seminesti.</strong></span> <span class='ocrx_word' id='word_1_303' title='bbox 1965 1197 2072 1275; x_wconf 88' lang='lat' dir='ltr'><strong>Dicit</strong></span> <span class='ocrx_word' id='word_1_304' title='bbox 2090 1199 2143 1276; x_wconf 84' lang='lat' dir='ltr'><strong>ei:</strong></span> 
     </span>
     <span class='ocr_line' id='line_1_54' title="bbox 1313 1303 2138 1407; baseline -0.001 -22"><span class='ocrx_word' id='word_1_305' title='bbox 1313 1306 1371 1385; x_wconf 89' lang='lat' dir='ltr'><strong>De</strong></span> <span class='ocrx_word' id='word_1_306' title='bbox 1390 1329 1459 1386; x_wconf 87' lang='lat' dir='ltr'><strong>ore</strong></span> <span class='ocrx_word' id='word_1_307' title='bbox 1476 1316 1546 1385; x_wconf 90' lang='lat' dir='ltr'><strong>too</strong></span> <span class='ocrx_word' id='word_1_308' title='bbox 1580 1316 1616 1385; x_wconf 90' lang='lat' dir='ltr'><strong>te</strong></span> <span class='ocrx_word' id='word_1_309' title='bbox 1629 1303 1794 1407; x_wconf 83' lang='lat' dir='ltr'><strong>jbdicn,</strong></span> <span class='ocrx_word' id='word_1_310' title='bbox 1813 1327 1924 1384; x_wconf 88' lang='lat' dir='ltr'><strong>serve</strong></span> <span class='ocrx_word' id='word_1_311' title='bbox 1951 1327 2138 1407; x_wconf 88' lang='lat' dir='ltr'><strong>nequam.</strong></span> 
     </span>
     <span class='ocr_line' id='line_1_55' title="bbox 1312 1413 2140 1516; baseline -0.002 -22"><span class='ocrx_word' id='word_1_312' title='bbox 1312 1413 1476 1494; x_wconf 81' lang='lat' dir='ltr'><strong>Sciebas</strong></span> <span class='ocrx_word' id='word_1_313' title='bbox 1490 1413 1601 1516; x_wconf 84' lang='lat' dir='ltr'><strong>quod</strong></span> <span class='ocrx_word' id='word_1_314' title='bbox 1619 1437 1692 1514; x_wconf 80' lang='lat' dir='ltr'><strong>ego</strong></span> <span class='ocrx_word' id='word_1_315' title='bbox 1707 1413 1831 1493; x_wconf 91' lang='lat' dir='ltr'><strong>bomo</strong></span> <span class='ocrx_word' id='word_1_316' title='bbox 1854 1413 2036 1493; x_wconf 88' lang='lat' dir='ltr'><strong>austerus</strong></span> <span class='ocrx_word' id='word_1_317' title='bbox 2050 1437 2140 1492; x_wconf 91' lang='lat' dir='ltr'><strong>sum</strong></span> 
     </span>
     <span class='ocr_line' id='line_1_56' title="bbox 1311 1519 2144 1622; baseline -0.001 -22"><span class='ocrx_word' id='word_1_318' title='bbox 1311 1521 1457 1600; x_wconf 88' lang='lat' dir='ltr'><strong>tollens</strong></span> <span class='ocrx_word' id='word_1_319' title='bbox 1488 1519 1598 1622; x_wconf 90' lang='lat' dir='ltr'><strong>quod</strong></span> <span class='ocrx_word' id='word_1_320' title='bbox 1630 1542 1710 1599; x_wconf 92' lang='lat' dir='ltr'><strong>non</strong></span> <span class='ocrx_word' id='word_1_321' title='bbox 1746 1520 1891 1622; x_wconf 65' lang='lat' dir='ltr'><strong>presai,</strong></span> <span class='ocrx_word' id='word_1_322' title='bbox 1922 1528 1961 1598; x_wconf 86' lang='lat' dir='ltr'><strong>et</strong></span> <span class='ocrx_word' id='word_1_323' title='bbox 1991 1529 2144 1599; x_wconf 90' lang='lat' dir='ltr'><strong>metens</strong></span> 
     </span>
     <span class='ocr_line' id='line_1_57' title="bbox 1312 1627 2144 1730; baseline 0.002 -24"><span class='ocrx_word' id='word_1_324' title='bbox 1312 1627 1422 1730; x_wconf 92' lang='lat' dir='ltr'><strong>quod</strong></span> <span class='ocrx_word' id='word_1_325' title='bbox 1441 1651 1520 1708; x_wconf 92' lang='lat' dir='ltr'><strong>non</strong></span> <span class='ocrx_word' id='word_1_326' title='bbox 1535 1627 1725 1707; x_wconf 80' lang='lat' dir='ltr'><strong>semindvi</strong></span> <span class='ocrx_word' id='word_1_327' title='bbox 1746 1657 1755 1705; x_wconf 91' lang='lat'>:</span> <span class='ocrx_word' id='word_1_328' title='bbox 1774 1636 1813 1705; x_wconf 88' lang='lat' dir='ltr'><strong>et</strong></span> <span class='ocrx_word' id='word_1_329' title='bbox 1831 1649 1955 1729; x_wconf 85' lang='lat' dir='ltr'><strong>quare</strong></span> <span class='ocrx_word' id='word_1_330' title='bbox 1975 1649 2055 1707; x_wconf 91' lang='lat' dir='ltr'><strong>non</strong></span> <span class='ocrx_word' id='word_1_331' title='bbox 2075 1629 2144 1708; x_wconf 91' lang='lat' dir='ltr'><strong>de·</strong></span> 
     </span>
     <span class='ocr_line' id='line_1_58' title="bbox 1312 1734 2146 1840; baseline 0 -24"><span class='ocrx_word' id='word_1_332' title='bbox 1312 1737 1406 1816; x_wconf 90' lang='lat' dir='ltr'><strong>dtsti</strong></span> <span class='ocrx_word' id='word_1_333' title='bbox 1425 1736 1635 1840; x_wconf 77' lang='lat' dir='ltr'><strong>pecaniam</strong></span> <span class='ocrx_word' id='word_1_334' title='bbox 1654 1758 1782 1813; x_wconf 90' lang='lat' dir='ltr'><strong>meam</strong></span> <span class='ocrx_word' id='word_1_335' title='bbox 1802 1734 1854 1812; x_wconf 90' lang='lat' dir='ltr'><strong>ad</strong></span> <span class='ocrx_word' id='word_1_336' title='bbox 1880 1757 2073 1834; x_wconf 89' lang='lat' dir='ltr'><strong>mensam,</strong></span> <span class='ocrx_word' id='word_1_337' title='bbox 2101 1747 2146 1816; x_wconf 89' lang='lat' dir='ltr'><strong>ut</strong></span> 
     </span>
     <span class='ocr_line' id='line_1_59' title="bbox 1311 1841 2145 1947; baseline 0.001 -25"><span class='ocrx_word' id='word_1_338' title='bbox 1311 1866 1383 1947; x_wconf 81' lang='lat' dir='ltr'><strong>ego</strong></span> <span class='ocrx_word' id='word_1_339' title='bbox 1409 1845 1582 1940; x_wconf 88' lang='lat' dir='ltr'><strong>veniens,</strong></span> <span class='ocrx_word' id='word_1_340' title='bbox 1610 1866 1701 1922; x_wconf 88' lang='lat' dir='ltr'><strong>cum</strong></span> <span class='ocrx_word' id='word_1_341' title='bbox 1729 1841 1860 1921; x_wconf 79' lang='lat' dir='ltr'><strong>asevis</strong></span> <span class='ocrx_word' id='word_1_342' title='bbox 1887 1843 2026 1945; x_wconf 80' lang='lat' dir='ltr'><strong>titique</strong></span> <span class='ocrx_word' id='word_1_343' title='bbox 2052 1867 2145 1923; x_wconf 83' lang='lat' dir='ltr'><strong>exe·</strong></span> 
     </span>
     <span class='ocr_line' id='line_1_60' title="bbox 1312 1949 2148 2056; baseline 0.007 -29"><span class='ocrx_word' id='word_1_344' title='bbox 1312 1953 1456 2056; x_wconf 82' lang='lat' dir='ltr'><strong>gissem</strong></span> <span class='ocrx_word' id='word_1_345' title='bbox 1473 1951 1611 2029; x_wconf 84' lang='lat' dir='ltr'><strong>illam?</strong></span> <span class='ocrx_word' id='word_1_346' title='bbox 1627 1951 1675 2029; x_wconf 87' lang='lat' dir='ltr'><strong>Et</strong></span> <span class='ocrx_word' id='word_1_347' title='bbox 1687 1949 1909 2029; x_wconf 85' lang='lat' dir='ltr'><strong>astentibus</strong></span> <span class='ocrx_word' id='word_1_348' title='bbox 1924 1949 2024 2029; x_wconf 81' lang='lat' dir='ltr'><strong>dixit</strong></span> <span class='ocrx_word' id='word_1_349' title='bbox 2038 1978 2047 2027; x_wconf 77' lang='grc' dir='ltr'>ε</span> <span class='ocrx_word' id='word_1_350' title='bbox 2062 1955 2148 2032; x_wconf 84' lang='lat' dir='ltr'><strong>Au·</strong></span> 
     </span>
     <span class='ocr_line' id='line_1_61' title="bbox 1309 2057 2139 2162; baseline 0.004 -26"><span class='ocrx_word' id='word_1_351' title='bbox 1309 2059 1413 2138; x_wconf 87' lang='lat' dir='ltr'><strong>ferte</strong></span> <span class='ocrx_word' id='word_1_352' title='bbox 1442 2059 1494 2136; x_wconf 89' lang='lat' dir='ltr'><strong>ab</strong></span> <span class='ocrx_word' id='word_1_353' title='bbox 1525 2057 1596 2138; x_wconf 89' lang='lat' dir='ltr'><strong>illo</strong></span> <span class='ocrx_word' id='word_1_354' title='bbox 1625 2079 1773 2154; x_wconf 91' lang='lat' dir='ltr'><strong>mnam,</strong></span> <span class='ocrx_word' id='word_1_355' title='bbox 1804 2067 1844 2134; x_wconf 90' lang='lat' dir='ltr'><strong>et</strong></span> <span class='ocrx_word' id='word_1_356' title='bbox 1872 2057 1963 2137; x_wconf 88' lang='lat' dir='ltr'><strong>date</strong></span> <span class='ocrx_word' id='word_1_357' title='bbox 1981 2057 2139 2162; x_wconf 84' lang='lat' dir='ltr'><strong>illi‚·qui</strong></span> 
     </span>
     <span class='ocr_line' id='line_1_62' title="bbox 1312 2163 2142 2266; baseline 0 -22"><span class='ocrx_word' id='word_1_358' title='bbox 1312 2165 1450 2246; x_wconf 88' lang='lat' dir='ltr'><strong>decern</strong></span> <span class='ocrx_word' id='word_1_359' title='bbox 1479 2189 1594 2244; x_wconf 90' lang='lat' dir='ltr'><strong>mnas</strong></span> <span class='ocrx_word' id='word_1_360' title='bbox 1625 2164 1756 2244; x_wconf 89' lang='lat' dir='ltr'><strong>babet.</strong></span> <span class='ocrx_word' id='word_1_361' title='bbox 1783 2165 1833 2243; x_wconf 91' lang='lat' dir='ltr'><strong>Et</strong></span> <span class='ocrx_word' id='word_1_362' title='bbox 1861 2163 2048 2246; x_wconf 85' lang='lat' dir='ltr'><strong>dixerunt</strong></span> <span class='ocrx_word' id='word_1_363' title='bbox 2083 2168 2142 2266; x_wconf 92' lang='lat' dir='ltr'><strong>ei,</strong></span> 
     </span>
     <span class='ocr_line' id='line_1_63' title="bbox 1312 2273 2145 2369; baseline 0.001 -17"><span class='ocrx_word' id='word_1_364' title='bbox 1312 2275 1494 2369; x_wconf 82' lang='lat' dir='ltr'><strong>Demine,</strong></span> <span class='ocrx_word' id='word_1_365' title='bbox 1514 2274 1635 2353; x_wconf 91' lang='lat' dir='ltr'><strong>habet</strong></span> <span class='ocrx_word' id='word_1_366' title='bbox 1652 2273 1789 2352; x_wconf 86' lang='lat' dir='ltr'><strong>decem</strong></span> <span class='ocrx_word' id='word_1_367' title='bbox 1812 2295 1937 2354; x_wconf 89' lang='lat' dir='ltr'><strong>mnas.</strong></span> <span class='ocrx_word' id='word_1_368' title='bbox 1957 2275 2056 2355; x_wconf 92' lang='lat' dir='ltr'><strong>Dico</strong></span> <span class='ocrx_word' id='word_1_369' title='bbox 2075 2299 2145 2353; x_wconf 88' lang='lat' dir='ltr'><strong>aa·</strong></span> 
     </span>
     <span class='ocr_line' id='line_1_64' title="bbox 1311 2380 2147 2485; baseline 0.001 -23"><span class='ocrx_word' id='word_1_370' title='bbox 1311 2393 1390 2462; x_wconf 87' lang='lat' dir='ltr'><strong>tem</strong></span> <span class='ocrx_word' id='word_1_371' title='bbox 1406 2383 1520 2463; x_wconf 91' lang='lat' dir='ltr'><strong>vobis</strong></span> <span class='ocrx_word' id='word_1_372' title='bbox 1536 2413 1544 2461; x_wconf 92' lang='lat'>:</span> <span class='ocrx_word' id='word_1_373' title='bbox 1561 2382 1656 2485; x_wconf 89' lang='lat' dir='ltr'><strong>quia</strong></span> <span class='ocrx_word' id='word_1_374' title='bbox 1672 2382 1781 2460; x_wconf 89' lang='lat' dir='ltr'><strong>omni</strong></span> <span class='ocrx_word' id='word_1_375' title='bbox 1799 2380 1969 2460; x_wconf 89' lang='lat' dir='ltr'><strong>habenti</strong></span> <span class='ocrx_word' id='word_1_376' title='bbox 1984 2382 2147 2463; x_wconf 81' lang='lat' dir='ltr'><strong>debitur</strong></span> 
     </span>
     <span class='ocr_line' id='line_1_65' title="bbox 1311 2488 2144 2592; baseline 0.004 -23"><span class='ocrx_word' id='word_1_377' title='bbox 1311 2501 1350 2569; x_wconf 90' lang='lat' dir='ltr'><strong>et</strong></span> <span class='ocrx_word' id='word_1_378' title='bbox 1370 2490 1620 2571; x_wconf 76' lang='lat' dir='ltr'><strong>obaudibit:</strong></span> <span class='ocrx_word' id='word_1_379' title='bbox 1641 2488 1691 2566; x_wconf 89' lang='lat' dir='ltr'><strong>ab</strong></span> <span class='ocrx_word' id='word_1_380' title='bbox 1710 2510 1758 2568; x_wconf 90' lang='lat' dir='ltr'><strong>eo</strong></span> <span class='ocrx_word' id='word_1_381' title='bbox 1777 2497 1933 2584; x_wconf 88' lang='lat' dir='ltr'><strong>autem,</strong></span> <span class='ocrx_word' id='word_1_382' title='bbox 1961 2492 2029 2592; x_wconf 88' lang='lat' dir='ltr'><strong>qui</strong></span> <span class='ocrx_word' id='word_1_383' title='bbox 2061 2515 2144 2572; x_wconf 93' lang='lat' dir='ltr'><strong>non</strong></span> 
     </span>
     <span class='ocr_line' id='line_1_66' title="bbox 1310 2595 2144 2699; baseline 0.002 -23"><span class='ocrx_word' id='word_1_384' title='bbox 1310 2598 1444 2695; x_wconf 83' lang='lat' dir='ltr'><strong>habet,</strong></span> <span class='ocrx_word' id='word_1_385' title='bbox 1480 2607 1518 2678; x_wconf 91' lang='lat' dir='ltr'><strong>et</strong></span> <span class='ocrx_word' id='word_1_386' title='bbox 1556 2595 1667 2699; x_wconf 89' lang='lat' dir='ltr'><strong>quod</strong></span> <span class='ocrx_word' id='word_1_387' title='bbox 1703 2597 1825 2676; x_wconf 90' lang='lat' dir='ltr'><strong>habet</strong></span> <span class='ocrx_word' id='word_1_388' title='bbox 1852 2599 2058 2679; x_wconf 81' lang='lat' dir='ltr'><strong>auferetur</strong></span> <span class='ocrx_word' id='word_1_389' title='bbox 2093 2599 2144 2678; x_wconf 88' lang='lat' dir='ltr'><strong>ab</strong></span> 
     </span>
     <span class='ocr_line' id='line_1_67' title="bbox 1313 2729 1372 2786; baseline 0 -2"><span class='ocrx_word' id='word_1_390' title='bbox 1313 2729 1372 2786; x_wconf 92' lang='lat' dir='ltr'><strong>eo.</strong></span> 
     </span>
    </p>

    <p class='ocr_par' dir='ltr' id='par_1_7' title="bbox 1309 2812 2147 3219">
     <span class='ocr_line' id='line_1_68' title="bbox 1360 2812 2143 2916; baseline 0.001 -26"><span class='ocrx_word' id='word_1_391' title='bbox 1360 2812 1629 2892; x_wconf 83' lang='lat' dir='ltr'><strong>Offertoriom.</strong></span> <span class='ocrx_word' id='word_1_392' title='bbox 1648 2819 1678 2889; x_wconf 89' lang='lat' dir='ltr'><strong>t.</strong></span> <span class='ocrx_word' id='word_1_393' title='bbox 1700 2815 1790 2916; x_wconf 78' lang='lat' dir='ltr'><strong>[teg.</strong></span> <span class='ocrx_word' id='word_1_394' title='bbox 1807 2819 1844 2892; x_wconf 73' lang='lat'><strong>3.</strong></span> <span class='ocrx_word' id='word_1_395' title='bbox 1860 2814 1994 2893; x_wconf 86' lang='lat' dir='ltr'><strong>Crevit</strong></span> <span class='ocrx_word' id='word_1_396' title='bbox 2011 2823 2143 2893; x_wconf 83' lang='lat' dir='ltr'><strong>autem</strong></span> 
     </span>
     <span class='ocr_line' id='line_1_69' title="bbox 1310 2920 2147 3020; baseline -0.001 -20"><span class='ocrx_word' id='word_1_397' title='bbox 1310 2920 1496 3012; x_wconf 81' lang='lat' dir='ltr'><strong>Stnruel,</strong></span> <span class='ocrx_word' id='word_1_398' title='bbox 1518 2930 1557 2999; x_wconf 87' lang='lat' dir='ltr'><strong>ct</strong></span> <span class='ocrx_word' id='word_1_399' title='bbox 1574 2921 1771 3000; x_wconf 82' lang='lat' dir='ltr'><strong>Deminus</strong></span> <span class='ocrx_word' id='word_1_400' title='bbox 1790 2931 1875 3000; x_wconf 86' lang='lat' dir='ltr'><strong>erat</strong></span> <span class='ocrx_word' id='word_1_401' title='bbox 1891 2945 1983 3002; x_wconf 90' lang='lat' dir='ltr'><strong>cum</strong></span> <span class='ocrx_word' id='word_1_402' title='bbox 2007 2945 2080 3020; x_wconf 92' lang='lat' dir='ltr'><strong>eo,</strong></span> <span class='ocrx_word' id='word_1_403' title='bbox 2102 2930 2147 3002; x_wconf 89' lang='lat' dir='ltr'><strong>et</strong></span> 
     </span>
     <span class='ocr_line' id='line_1_70' title="bbox 1311 3028 2143 3132; baseline 0.004 -25"><span class='ocrx_word' id='word_1_404' title='bbox 1311 3053 1392 3108; x_wconf 92' lang='lat' dir='ltr'><strong>non</strong></span> <span class='ocrx_word' id='word_1_405' title='bbox 1408 3028 1553 3108; x_wconf 89' lang='lat' dir='ltr'><strong>cecidit</strong></span> <span class='ocrx_word' id='word_1_406' title='bbox 1575 3051 1623 3108; x_wconf 86' lang='lat' dir='ltr'><strong>ex</strong></span> <span class='ocrx_word' id='word_1_407' title='bbox 1640 3030 1830 3109; x_wconf 84' lang='lat' dir='ltr'><strong>omnihus</strong></span> <span class='ocrx_word' id='word_1_408' title='bbox 1848 3030 1978 3110; x_wconf 88' lang='lat' dir='ltr'><strong>verbis</strong></span> <span class='ocrx_word' id='word_1_409' title='bbox 1997 3033 2082 3132; x_wconf 88' lang='lat' dir='ltr'><strong>ejus</strong></span> <span class='ocrx_word' id='word_1_410' title='bbox 2100 3031 2143 3110; x_wconf 93' lang='lat' dir='ltr'><strong>in</strong></span> 
     </span>
     <span class='ocr_line' id='line_1_71' title="bbox 1309 3147 1468 3219; baseline -0.013 -1"><span class='ocrx_word' id='word_1_411' title='bbox 1309 3147 1468 3219; x_wconf 88' lang='lat' dir='ltr'><strong>terram.</strong></span> 
     </span>
    </p>

    <p class='ocr_par' dir='ltr' id='par_1_8' title="bbox 1635 3247 1807 3325">
     <span class='ocr_line' id='line_1_72' title="bbox 1635 3247 1807 3325; baseline -0.006 -1"><span class='ocrx_word' id='word_1_412' title='bbox 1635 3247 1807 3325; x_wconf 86' lang='lat' dir='ltr'><strong>Secreta.</strong></span> 
     </span>
    </p>
   </div>
   <div class='ocr_carea' id='block_1_4' title="bbox 1308 3359 2145 4946">
    <p class='ocr_par' dir='ltr' id='par_1_9' title="bbox 1372 3359 2145 3464">
     <span class='ocr_line' id='line_1_73' title="bbox 1372 3359 2145 3464; baseline 0.001 -25"><span class='ocrx_word' id='word_1_413' title='bbox 1372 3385 1445 3456; x_wconf 84' lang='lat' dir='ltr'><strong>cos,</strong></span> <span class='ocrx_word' id='word_1_414' title='bbox 1464 3359 1534 3462; x_wconf 93' lang='lat' dir='ltr'><strong>qui</strong></span> <span class='ocrx_word' id='word_1_415' title='bbox 1548 3359 1709 3439; x_wconf 85' lang='lat' dir='ltr'><strong>beetum</strong></span> <span class='ocrx_word' id='word_1_416' title='bbox 1724 3359 1949 3440; x_wconf 88' lang='lat' dir='ltr'><strong>Samuelem</strong></span> <span class='ocrx_word' id='word_1_417' title='bbox 1968 3361 2145 3464; x_wconf 86' lang='lat' dir='ltr'><strong>Prophe·</strong></span> 
     </span>
    </p>

    <p class='ocr_par' dir='ltr' id='par_1_10' title="bbox 1308 3467 2144 4216">
     <span class='ocr_line' id='line_1_74' title="bbox 1389 3467 2142 3564; baseline -0.001 -18"><span class='ocrx_word' id='word_1_418' title='bbox 1389 3477 1484 3564; x_wconf 90' lang='lat' dir='ltr'><strong>tam,</strong></span> <span class='ocrx_word' id='word_1_419' title='bbox 1503 3467 1762 3547; x_wconf 84' lang='lat' dir='ltr'><strong>Sacerddtem</strong></span> <span class='ocrx_word' id='word_1_420' title='bbox 1785 3468 1944 3547; x_wconf 87' lang='lat' dir='ltr'><strong>fidetem</strong></span> <span class='ocrx_word' id='word_1_421' title='bbox 1962 3478 2001 3548; x_wconf 90' lang='lat' dir='ltr'><strong>et</strong></span> <span class='ocrx_word' id='word_1_422' title='bbox 2025 3470 2142 3547; x_wconf 91' lang='lat' dir='ltr'><strong>mint·</strong></span> 
     </span>
     <span class='ocr_line' id='line_1_75' title="bbox 1308 3575 2142 3679; baseline 0.006 -28"><span class='ocrx_word' id='word_1_423' title='bbox 1308 3583 1435 3656; x_wconf 88' lang='lat' dir='ltr'><strong>strum</strong></span> <span class='ocrx_word' id='word_1_424' title='bbox 1455 3584 1567 3654; x_wconf 89' lang='lat' dir='ltr'><strong>tuum</strong></span> <span class='ocrx_word' id='word_1_425' title='bbox 1585 3575 1729 3678; x_wconf 83' lang='lat' dir='ltr'><strong>eligere</strong></span> <span class='ocrx_word' id='word_1_426' title='bbox 1752 3575 1915 3655; x_wconf 89' lang='lat' dir='ltr'><strong>voluisti</strong></span> <span class='ocrx_word' id='word_1_427' title='bbox 1936 3605 1944 3653; x_wconf 93' lang='lat'>:</span> <span class='ocrx_word' id='word_1_428' title='bbox 1985 3576 2142 3679; x_wconf 83' lang='lat' dir='ltr'><strong>sirscipe</strong></span> 
     </span>
     <span class='ocr_line' id='line_1_76' title="bbox 1309 3682 2144 3785; baseline 0.004 -26"><span class='ocrx_word' id='word_1_429' title='bbox 1309 3682 1396 3762; x_wconf 84' lang='lat' dir='ltr'><strong>haec</strong></span> <span class='ocrx_word' id='word_1_430' title='bbox 1426 3682 1605 3781; x_wconf 72' lang='lat' dir='ltr'><strong>nituere,</strong></span> <span class='ocrx_word' id='word_1_431' title='bbox 1635 3706 1726 3785; x_wconf 81' lang='lat' dir='ltr'><strong>quae</strong></span> <span class='ocrx_word' id='word_1_432' title='bbox 1753 3684 1794 3760; x_wconf 91' lang='lat' dir='ltr'><strong>in</strong></span> <span class='ocrx_word' id='word_1_433' title='bbox 1829 3688 1914 3785; x_wconf 89' lang='lat' dir='ltr'><strong>ejus</strong></span> <span class='ocrx_word' id='word_1_434' title='bbox 1942 3684 2014 3762; x_wconf 93' lang='lat' dir='ltr'><strong>tibi</strong></span> <span class='ocrx_word' id='word_1_435' title='bbox 2041 3684 2144 3763; x_wconf 89' lang='lat' dir='ltr'><strong>sole·</strong></span> 
     </span>
     <span class='ocr_line' id='line_1_77' title="bbox 1310 3788 2143 3893; baseline 0 -25"><span class='ocrx_word' id='word_1_436' title='bbox 1310 3791 1475 3869; x_wconf 81' lang='lat' dir='ltr'><strong>mnitete</strong></span> <span class='ocrx_word' id='word_1_437' title='bbox 1502 3788 1739 3883; x_wconf 88' lang='lat' dir='ltr'><strong>deserimus,</strong></span> <span class='ocrx_word' id='word_1_438' title='bbox 1764 3799 1803 3869; x_wconf 91' lang='lat' dir='ltr'><strong>et</strong></span> <span class='ocrx_word' id='word_1_439' title='bbox 1821 3802 1991 3893; x_wconf 82' lang='lat' dir='ltr'><strong>praesta;</strong></span> <span class='ocrx_word' id='word_1_440' title='bbox 2010 3801 2055 3869; x_wconf 92' lang='lat' dir='ltr'><strong>ut</strong></span> <span class='ocrx_word' id='word_1_441' title='bbox 2071 3814 2143 3892; x_wconf 90' lang='lat' dir='ltr'><strong>per</strong></span> 
     </span>
     <span class='ocr_line' id='line_1_78' title="bbox 1309 3897 2140 3998; baseline -0.001 -21"><span class='ocrx_word' id='word_1_442' title='bbox 1309 3899 1396 3977; x_wconf 84' lang='lat' dir='ltr'><strong>haec</strong></span> <span class='ocrx_word' id='word_1_443' title='bbox 1413 3897 1464 3975; x_wconf 86' lang='lat' dir='ltr'><strong>ab</strong></span> <span class='ocrx_word' id='word_1_444' title='bbox 1483 3898 1593 3975; x_wconf 91' lang='lat' dir='ltr'><strong>omni</strong></span> <span class='ocrx_word' id='word_1_445' title='bbox 1614 3897 1920 3998; x_wconf 85' lang='lat' dir='ltr'><strong>inquinamento</strong></span> <span class='ocrx_word' id='word_1_446' title='bbox 1944 3898 2078 3977; x_wconf 87' lang='lat' dir='ltr'><strong>carnis</strong></span> <span class='ocrx_word' id='word_1_447' title='bbox 2098 3909 2140 3976; x_wconf 89' lang='lat' dir='ltr'><strong>et</strong></span> 
     </span>
     <span class='ocr_line' id='line_1_79' title="bbox 1310 4006 2143 4109; baseline 0.005 -26"><span class='ocrx_word' id='word_1_448' title='bbox 1310 4007 1475 4108; x_wconf 85' lang='lat' dir='ltr'><strong>spiritus</strong></span> <span class='ocrx_word' id='word_1_449' title='bbox 1492 4008 1684 4102; x_wconf 75' lang='lat' dir='ltr'><strong>mandeti,</strong></span> <span class='ocrx_word' id='word_1_450' title='bbox 1699 4006 1817 4109; x_wconf 84' lang='lat' dir='ltr'><strong>digne</strong></span> <span class='ocrx_word' id='word_1_451' title='bbox 1830 4008 1903 4085; x_wconf 92' lang='lat' dir='ltr'><strong>tibi</strong></span> <span class='ocrx_word' id='word_1_452' title='bbox 1919 4007 2143 4087; x_wconf 84' lang='lat' dir='ltr'><strong>ministrere</strong></span> 
     </span>
     <span class='ocr_line' id='line_1_80' title="bbox 1310 4114 1872 4216; baseline -0.002 -24"><span class='ocrx_word' id='word_1_453' title='bbox 1310 4114 1523 4216; x_wconf 86' lang='lat' dir='ltr'><strong>possimus.</strong></span> <span class='ocrx_word' id='word_1_454' title='bbox 1544 4114 1619 4191; x_wconf 82' lang='lat' dir='ltr'><strong>Per</strong></span> <span class='ocrx_word' id='word_1_455' title='bbox 1642 4114 1872 4194; x_wconf 84' lang='lat' dir='ltr'><strong>Deminum.</strong></span> 
     </span>
    </p>

    <p class='ocr_par' dir='ltr' id='par_1_11' title="bbox 1310 4220 2144 4838">
     <span class='ocr_line' id='line_1_81' title="bbox 1360 4220 2141 4321; baseline 0.008 -26"><span class='ocrx_word' id='word_1_456' title='bbox 1360 4221 1606 4298; x_wconf 85' lang='lat' dir='ltr'><strong>Communia.</strong></span> <span class='ocrx_word' id='word_1_457' title='bbox 1633 4226 1666 4295; x_wconf 86' lang='lat' dir='ltr'><strong>l.</strong></span> <span class='ocrx_word' id='word_1_458' title='bbox 1698 4220 1792 4321; x_wconf 80' lang='lat' dir='ltr'><strong>Reg.</strong></span> <span class='ocrx_word' id='word_1_459' title='bbox 1823 4226 1857 4297; x_wconf 83' lang='lat'><strong>7.</strong></span> <span class='ocrx_word' id='word_1_460' title='bbox 1880 4220 1990 4301; x_wconf 83' lang='lat' dir='ltr'><strong>Tulit</strong></span> <span class='ocrx_word' id='word_1_461' title='bbox 2008 4233 2141 4303; x_wconf 89' lang='lat' dir='ltr'><strong>aulem</strong></span> 
     </span>
     <span class='ocr_line' id='line_1_82' title="bbox 1310 4328 2144 4428; baseline 0.004 -21"><span class='ocrx_word' id='word_1_462' title='bbox 1310 4328 1471 4407; x_wconf 83' lang='lat' dir='ltr'><strong>Semuel</strong></span> <span class='ocrx_word' id='word_1_463' title='bbox 1501 4351 1646 4428; x_wconf 80' lang='lat' dir='ltr'><strong>agnum</strong></span> <span class='ocrx_word' id='word_1_464' title='bbox 1677 4328 1891 4408; x_wconf 84' lang='lat' dir='ltr'><strong>lactentem</strong></span> <span class='ocrx_word' id='word_1_465' title='bbox 1928 4352 2071 4427; x_wconf 89' lang='lat' dir='ltr'><strong>unum,</strong></span> <span class='ocrx_word' id='word_1_466' title='bbox 2104 4347 2144 4410; x_wconf 86' lang='lat' dir='ltr'><strong>et</strong></span> 
     </span>
     <span class='ocr_line' id='line_1_83' title="bbox 1310 4436 2141 4540; baseline 0.001 -25"><span class='ocrx_word' id='word_1_467' title='bbox 1310 4436 1459 4515; x_wconf 84' lang='lat' dir='ltr'><strong>dbtulit</strong></span> <span class='ocrx_word' id='word_1_468' title='bbox 1484 4436 1598 4515; x_wconf 91' lang='lat' dir='ltr'><strong>illum</strong></span> <span class='ocrx_word' id='word_1_469' title='bbox 1630 4436 1911 4516; x_wconf 84' lang='lat' dir='ltr'><strong>troloceustum</strong></span> <span class='ocrx_word' id='word_1_470' title='bbox 1943 4438 2141 4540; x_wconf 81' lang='lat' dir='ltr'><strong>integrum</strong></span> 
     </span>
     <span class='ocr_line' id='line_1_84' title="bbox 1312 4544 2142 4627; baseline 0.005 -4"><span class='ocrx_word' id='word_1_471' title='bbox 1312 4544 1486 4623; x_wconf 86' lang='lat' dir='ltr'><strong>deino</strong></span> <span class='ocrx_word' id='word_1_472' title='bbox 1507 4573 1515 4621; x_wconf 92' lang='lat'>:</span> <span class='ocrx_word' id='word_1_473' title='bbox 1535 4555 1574 4622; x_wconf 89' lang='lat' dir='ltr'><strong>et</strong></span> <span class='ocrx_word' id='word_1_474' title='bbox 1603 4544 1787 4622; x_wconf 83' lang='lat' dir='ltr'><strong>clamevit</strong></span> <span class='ocrx_word' id='word_1_475' title='bbox 1805 4544 1967 4623; x_wconf 78' lang='lat' dir='ltr'><strong>Semuel</strong></span> <span class='ocrx_word' id='word_1_476' title='bbox 1986 4545 2038 4623; x_wconf 90' lang='lat' dir='ltr'><strong>ad</strong></span> <span class='ocrx_word' id='word_1_477' title='bbox 2062 4546 2142 4627; x_wconf 81' lang='lat' dir='ltr'><strong>Db·</strong></span> 
     </span>
     <span class='ocr_line' id='line_1_85' title="bbox 1312 4651 2141 4753; baseline 0.002 -25"><span class='ocrx_word' id='word_1_478' title='bbox 1312 4653 1465 4730; x_wconf 86' lang='lat' dir='ltr'><strong>micam</strong></span> <span class='ocrx_word' id='word_1_479' title='bbox 1490 4674 1562 4753; x_wconf 86' lang='lat' dir='ltr'><strong>pro</strong></span> <span class='ocrx_word' id='word_1_480' title='bbox 1591 4651 1725 4749; x_wconf 89' lang='lat' dir='ltr'><strong>lsrael,</strong></span> <span class='ocrx_word' id='word_1_481' title='bbox 1753 4662 1793 4730; x_wconf 89' lang='lat' dir='ltr'><strong>et</strong></span> <span class='ocrx_word' id='word_1_482' title='bbox 1817 4651 2018 4731; x_wconf 80' lang='lat' dir='ltr'><strong>exaudivit</strong></span> <span class='ocrx_word' id='word_1_483' title='bbox 2047 4676 2141 4732; x_wconf 86' lang='lat' dir='ltr'><strong>eura</strong></span> 
     </span>
     <span class='ocr_line' id='line_1_86' title="bbox 1311 4758 1524 4838; baseline -0.014 0"><span class='ocrx_word' id='word_1_484' title='bbox 1311 4758 1524 4838; x_wconf 85' lang='lat' dir='ltr'><strong>Deminus.</strong></span> 
     </span>
    </p>

    <p class='ocr_par' dir='ltr' id='par_1_12' title="bbox 1552 4868 1892 4946">
     <span class='ocr_line' id='line_1_87' title="bbox 1552 4868 1892 4946; baseline -0.003 -5"><span class='ocrx_word' id='word_1_485' title='bbox 1552 4868 1892 4946; x_wconf 87' lang='lat' dir='ltr'><strong>Postcommunio.</strong></span> 
     </span>
    </p>
   </div>
   <div class='ocr_carea' id='block_1_5' title="bbox 1311 4986 2141 5713">
    <p class='ocr_par' dir='ltr' id='par_1_13' title="bbox 1376 4986 2141 5085">
     <span class='ocr_line' id='line_1_88' title="bbox 1376 4986 2141 5085; baseline 0.001 -18"><span class='ocrx_word' id='word_1_486' title='bbox 1376 5010 1571 5067; x_wconf 74' lang='lat' dir='ltr'><strong>ttttlrorfflts</strong></span> <span class='ocrx_word' id='word_1_487' title='bbox 1601 4995 1640 5064; x_wconf 86' lang='lat' dir='ltr'><strong>at</strong></span> <span class='ocrx_word' id='word_1_488' title='bbox 1666 4986 1893 5067; x_wconf 91' lang='lat' dir='ltr'><strong>misericors</strong></span> <span class='ocrx_word' id='word_1_489' title='bbox 1922 4987 2041 5080; x_wconf 91' lang='lat' dir='ltr'><strong>Deus,</strong></span> <span class='ocrx_word' id='word_1_490' title='bbox 2068 4992 2141 5085; x_wconf 89' lang='lat' dir='ltr'><strong>qui</strong></span> 
     </span>
    </p>

    <p class='ocr_par' dir='ltr' id='par_1_14' title="bbox 1311 5092 2141 5713">
     <span class='ocr_line' id='line_1_89' title="bbox 1384 5092 2139 5196; baseline -0.003 -25"><span class='ocrx_word' id='word_1_491' title='bbox 1384 5116 1455 5195; x_wconf 88' lang='lat' dir='ltr'><strong>per</strong></span> <span class='ocrx_word' id='word_1_492' title='bbox 1473 5092 1631 5189; x_wconf 82' lang='lat' dir='ltr'><strong>beetnm</strong></span> <span class='ocrx_word' id='word_1_493' title='bbox 1654 5092 1882 5174; x_wconf 89' lang='lat' dir='ltr'><strong>Samuelem</strong></span> <span class='ocrx_word' id='word_1_494' title='bbox 1900 5092 2139 5196; x_wconf 87' lang='lat' dir='ltr'><strong>Prophetam</strong></span> 
     </span>
     <span class='ocr_line' id='line_1_90' title="bbox 1311 5201 2141 5282; baseline -0.002 -2"><span class='ocrx_word' id='word_1_495' title='bbox 1311 5201 1567 5281; x_wconf 86' lang='lat' dir='ltr'><strong>Sacerddtem</strong></span> <span class='ocrx_word' id='word_1_496' title='bbox 1584 5212 1697 5280; x_wconf 91' lang='lat' dir='ltr'><strong>tuum</strong></span> <span class='ocrx_word' id='word_1_497' title='bbox 1717 5202 1790 5281; x_wconf 93' lang='lat' dir='ltr'><strong>tibi</strong></span> <span class='ocrx_word' id='word_1_498' title='bbox 1808 5202 2052 5282; x_wconf 83' lang='lat' dir='ltr'><strong>sacrittcium</strong></span> <span class='ocrx_word' id='word_1_499' title='bbox 2079 5203 2141 5281; x_wconf 86' lang='lat' dir='ltr'><strong>ot-</strong></span> 
     </span>
     <span class='ocr_line' id='line_1_91' title="bbox 1311 5309 2141 5392; baseline 0.001 -6"><span class='ocrx_word' id='word_1_500' title='bbox 1311 5310 1403 5389; x_wconf 85' lang='lat' dir='ltr'><strong>terri</strong></span> <span class='ocrx_word' id='word_1_501' title='bbox 1422 5310 1607 5389; x_wconf 88' lang='lat' dir='ltr'><strong>voluisti:</strong></span> <span class='ocrx_word' id='word_1_502' title='bbox 1632 5311 1809 5391; x_wconf 88' lang='lat' dir='ltr'><strong>conceda</strong></span> <span class='ocrx_word' id='word_1_503' title='bbox 1827 5311 1945 5392; x_wconf 92' lang='lat' dir='ltr'><strong>nobis</strong></span> <span class='ocrx_word' id='word_1_504' title='bbox 1965 5309 2141 5389; x_wconf 80' lang='lat' dir='ltr'><strong>muneris</strong></span> 
     </span>
     <span class='ocr_line' id='line_1_92' title="bbox 1311 5416 2139 5520; baseline -0.007 -23"><span class='ocrx_word' id='word_1_505' title='bbox 1311 5418 1482 5497; x_wconf 90' lang='lat' dir='ltr'><strong>coelestis</strong></span> <span class='ocrx_word' id='word_1_506' title='bbox 1500 5416 1706 5515; x_wconf 81' lang='lat' dir='ltr'><strong>effectum,</strong></span> <span class='ocrx_word' id='word_1_507' title='bbox 1726 5418 1836 5520; x_wconf 92' lang='lat' dir='ltr'><strong>qnod</strong></span> <span class='ocrx_word' id='word_1_508' title='bbox 1863 5420 1903 5495; x_wconf 92' lang='lat' dir='ltr'><strong>in</strong></span> <span class='ocrx_word' id='word_1_509' title='bbox 1930 5420 2015 5518; x_wconf 71' lang='lat' dir='ltr'><strong>eius</strong></span> <span class='ocrx_word' id='word_1_510' title='bbox 2033 5436 2139 5495; x_wconf 92' lang='lat' dir='ltr'><strong>com·</strong></span> 
     </span>
     <span class='ocr_line' id='line_1_93' title="bbox 1312 5525 2141 5623; baseline -0.001 -21"><span class='ocrx_word' id='word_1_511' title='bbox 1312 5525 1601 5605; x_wconf 84' lang='lat' dir='ltr'><strong>memoratidne</strong></span> <span class='ocrx_word' id='word_1_512' title='bbox 1641 5536 1719 5605; x_wconf 80' lang='lat' dir='ltr'><strong>tuae</strong></span> <span class='ocrx_word' id='word_1_513' title='bbox 1761 5526 1978 5607; x_wconf 85' lang='lat' dir='ltr'><strong>obtdlimus</strong></span> <span class='ocrx_word' id='word_1_514' title='bbox 2020 5526 2141 5623; x_wconf 89' lang='lat' dir='ltr'><strong>maje-</strong></span> 
     </span>
     <span class='ocr_line' id='line_1_94' title="bbox 1311 5631 1758 5713; baseline -0.009 0"><span class='ocrx_word' id='word_1_515' title='bbox 1311 5634 1414 5713; x_wconf 81' lang='lat' dir='ltr'><strong>steti.</strong></span> <span class='ocrx_word' id='word_1_516' title='bbox 1437 5632 1510 5710; x_wconf 84' lang='lat' dir='ltr'><strong>Per</strong></span> <span class='ocrx_word' id='word_1_517' title='bbox 1527 5631 1758 5711; x_wconf 82' lang='lat' dir='ltr'><strong>Deminum.</strong></span> 
     </span>
    </p>
   </div>
   <div class='ocr_carea' id='block_1_6' title="bbox 1651 5864 1797 5920">
    <p class='ocr_par' dir='ltr' id='par_1_15' title="bbox 1651 5864 1797 5920">
     <span class='ocr_line' id='line_1_95' title="bbox 1651 5864 1797 5920; baseline -0.014 -3"><span class='ocrx_word' id='word_1_518' title='bbox 1651 5864 1711 5917; x_wconf 78' lang='lat' dir='ltr'><strong>bru</strong></span> <span class='ocrx_word' id='word_1_519' title='bbox 1731 5865 1797 5920; x_wconf 74' lang='lat' dir='ltr'><strong>vll.</strong></span> 
     </span>
    </p>
   </div>
   <div class='ocr_carea' id='block_1_7' title="bbox 1410 5960 2037 6057">
    <p class='ocr_par' dir='ltr' id='par_1_16' title="bbox 1410 5960 2037 6057">
     <span class='ocr_line' id='line_1_96' title="bbox 1410 5960 2037 6057; baseline 0.003 -17"><span class='ocrx_word' id='word_1_520' title='bbox 1410 5961 1449 6041; x_wconf 87' lang='lat' dir='ltr'><strong>S.</strong></span> <span class='ocrx_word' id='word_1_521' title='bbox 1477 5960 1741 6057; x_wconf 83' lang='grc' dir='ltr'><strong>ΑΝΤΟΝΙΝΙ,</strong></span> <span class='ocrx_word' id='word_1_522' title='bbox 1767 5961 2037 6043; x_wconf 80' lang='lat' dir='ltr'><strong>llAllTYlllS.</strong></span> 
     </span>
    </p>
   </div>
   <div class='ocr_carea' id='block_1_8' title="bbox 1310 6068 2216 6299">
    <p class='ocr_par' dir='ltr' id='par_1_17' title="bbox 1310 6068 2216 6299">
     <span class='ocr_line' id='line_1_97' title="bbox 1360 6068 2216 6177; baseline 0.004 -20"><span class='ocrx_word' id='word_1_523' title='bbox 1360 6079 1492 6172; x_wconf 81' lang='lat' dir='ltr'><strong>Missa,</strong></span> <span class='ocrx_word' id='word_1_524' title='bbox 1511 6077 1554 6155; x_wconf 93' lang='lat' dir='ltr'><strong>ln</strong></span> <span class='ocrx_word' id='word_1_525' title='bbox 1574 6076 1779 6177; x_wconf 83' lang='lat' dir='ltr'><strong>virtirte,ut</strong></span> <span class='ocrx_word' id='word_1_526' title='bbox 1797 6078 1837 6155; x_wconf 93' lang='lat' dir='ltr'><strong>in</strong></span> <span class='ocrx_word' id='word_1_527' title='bbox 1855 6077 2006 6157; x_wconf 90' lang='lat' dir='ltr'><strong>Comm.</strong></span> <span class='ocrx_word' id='word_1_528' title='bbox 2019 6081 2139 6159; x_wconf 90' lang='lat' dir='ltr'><strong>unius</strong></span> <span class='ocrx_word' id='word_1_529' title='bbox 2212 6068 2216 6073; x_wconf 72' lang='grc'>’</span> 
     </span>
     <span class='ocr_line' id='line_1_98' title="bbox 1310 6188 2058 6299; baseline -0.007 -30"><span class='ocrx_word' id='word_1_530' title='bbox 1310 6188 1422 6269; x_wconf 87' lang='lat' dir='ltr'><strong>Mart.</strong></span> <span class='ocrx_word' id='word_1_531' title='bbox 1438 6209 1517 6269; x_wconf 90' lang='lat' dir='ltr'><strong>non</strong></span> <span class='ocrx_word' id='word_1_532' title='bbox 1537 6188 1661 6286; x_wconf 88' lang='lat' dir='ltr'><strong>Poat,</strong></span> <span class='ocrx_word' id='word_1_533' title='bbox 1681 6197 1825 6293; x_wconf 81' lang='lat' dir='ltr'><strong>praeter</strong></span> <span class='ocrx_word' id='word_1_534' title='bbox 1844 6189 1954 6268; x_wconf 88' lang='lat' dir='ltr'><strong>Orat.</strong></span> <span class='ocrx_word' id='word_1_535' title='bbox 1976 6212 2058 6299; x_wconf 85' lang='lat' dir='ltr'><strong>seq.</strong></span> 
     </span>
    </p>
   </div>
   <div class='ocr_carea' id='block_1_9' title="bbox 0 0 2668 7200">
    <p class='ocr_par' dir='ltr' id='par_1_18' title="bbox 0 0 2668 7200">
     <span class='ocr_line' id='line_1_99' title="bbox 0 0 2668 7200; baseline 0 0"><span class='ocrx_word' id='word_1_536' title='bbox 0 0 2668 7200; x_wconf 95' lang='lat' dir='ltr'><strong> </strong></span> 
     </span>
    </p>
   </div>
  </div>
 </body>
</html>
