5325 7200
950 1058 955 1067 ’
991 1052 1035 1119 to
1333 1045 1401 1116 Die
1418 1043 1482 1141 vij.
1500 1042 1604 1120 Julii.
1624 1042 1667 1115 B.
1687 1038 1954 1113 PetriFmerii.

986 1196 1058 1267 Des
1089 1218 1111 1265 o
1139 1213 1199 1263 em
1231 1185 1636 1286 uobis‚p1·eeibdsque
1673 1187 1822 1261 nomivit
1847 1208 1934 1259 eum
1976 1183 2013 1255 in
2039 1180 2135 1257 vasis
2159 1176 2332 1251 virtutis,

1038 1217 1190 1367 taudem
1673 1290 1829 1361 Factum
1847 1298 1904 1359 est
1920 1282 1973 1357 illi
1997 1283 2036 1355 iu
2057 1277 2335 1353 testamentum

987 1393 1060 1465 Fac
1080 1392 1153 1464 tuis
1167 1389 1296 1471 fretos,
1314 1385 1457 1485 pdriter
1474 1386 1637 1485 superna
1674 1389 1871 1474 aeternum,
1889 1377 1940 1457 'et
1963 1380 2097 1455 semini
2124 1377 2203 1475 ejus
2228 1376 2338 1449 sicut

1085 1492 1193 1563 Sorte
1212 1488 1340 1587 potiri.
1674 1487 1755 1559 dies
1780 1483 2010 1583 coelifpfungi
2034 1476 2258 1563 sacerdotio,
2288 1488 2338 1549 et

986 1584 1059 1679 Qui
1094 1589 1193 1689 regis
1222 1586 1336 1661 coeios
1361 1584 1638 1686 hominumque
1674 1585 1817 1661 habere
1842 1581 2021 1671 laudem,
2049 1594 2089 1653 et
2113 1574 2335 1690 glorificdre

1036 1687 1164 1773 corda,
1675 1685 1856 1785 pdpulum
1874 1706 1984 1756 suum
2000 1680 2039 1753 in
2055 1678 2210 1751 udmtne
2226 1698 2329 1771 ejus.

987 1790 1144 1861 Summa
1168 1788 1251 1861 laus
1269 1788 1386 1879 Pani,
1405 1784 1453 1858 sit
1470 1795 1509 1857 ct
1531 1808 1639 1883 aequa
1675 1788 1800 1883 ipsum
1826 1782 1942 1883 ele'git
1965 1777 2016 1853 ab
2040 1777 2147 1852 omni
2172 1775 2333 1847 vivente

1034 1890 1150 1979 Nat03
1675 1884 1811 1959 offerre
1828 1880 2057 1957 sacrificium
2079 1880 2173 1966 Deo,
2192 1873 2334 1947 incen-

985 1988 1167 2085 Spiritus,
1189 1985 1324 2085 parsit
1342 1982 1411 2058 tibi
1429 1982 1528 2074 iaus,
1549 2008 1638 2082 per·
1674 2008 1759 2057 sum
1786 1997 1824 2057 et
1840 1980 1983 2056 bonum
2001 1978 2172 2064 odissem,
2188 1974 2227 2047 iu
2246 1996 2331 2045 me·
2357 2020 2365 2060 p

1037 2088 1144 2161 dunis
1675 2073 2329 2195 mdriampiacairepropopuiosuo:

1086 2187 1211 2259 Nexus
1228 2183 1381 2257 amu-ts.
1399 2181 1541 2257 Amen,
1674 2197 1713 2257 et
1738 2182 1846 2257 dedit
1874 2180 1929 2253 itti
1960 2180 2000 2251 in
2026 2174 2222 2295 preceptis
2246 2173 2332 2285 suis

990 2368 996 2379 Α
1106 2280 1148 2353 ln
1168 2277 1292 2379 primo
1310 2276 1520 2353 Nocturno.
1673 2283 1915 2381 potestatem,
1944 2280 1982 2351 in
2005 2274 2236 2349 testamentis
2257 2296 2331 2369 Ju-

1092 2386 1147 2457 De
1165 2379 1262 2455 libro
1279 2380 1544 2455 Ecclesitstici.
1672 2383 1888 2471 diciorum,
1912 2377 2049 2451 docere
2071 2372 2190 2449 Jacob
2222 2371 2330 2445 testi·

1109 2480 1238 2555 Lectio
1259 2478 1290 2577 j.
1327 2486 1384 2552 Ca
1415 2534 1424 2553 .
1450 2486 1510 2553 ⁴5.
1673 2484 1825 2575 mdnia,
1849 2480 1953 2553 etin
1986 2478 2069 2577 lege
2098 2489 2167 2549 sua
2194 2470 2326 2545 lucem

1070 2604 1205 2653 macnus
1222 2581 1301 2654 Deo
1328 2594 1368 2653 et
1419 2578 1633 2661 ominibus.
1672 2582 1763 2656 dare
1781 2578 1907 2654 lsrael.

990 2594 1193 2778 Dcujus
1219 2678 1461 2753 memdriain
1486 2676 1637 2753 benedi·
1665 2690 1707 2777 tp.
1750 2684 1828 2755 Lex
1855 2677 2022 2753 veritdtis
2064 2674 2137 2747 suit
2175 2674 2216 2745 in
2254 2694 2326 2744 ore

987 2780 1111 2853 ctidne
1137 2792 1205 2852 est.
1225 2778 1396 2853 Similem
1412 2778 1520 2851 illum
1544 2778 1638 2853 fecit
1671 2782 1777 2880 ejus,
1806 2779 1984 2877 iniquitas
2009 2798 2089 2849 non
2105 2787 2162 2847 est
2185 2770 2326 2845 inven-

989 2879 1031 2953 in
1061 2878 1183 2977 gloria
1211 2877 1458 2965 sanctdrum,
1487 2890 1527 2950 et
1551 2902 1630 2951 ma·
1674 2896 1712 2955 ta
1737 2882 1776 2953 in
1802 2878 1911 2953 ldbiis
1940 2878 2036 2975 ejus,
2060 2878 2082 2923 ¹*
2105 2876 2153 2946 Et
2182 2870 2328 2945 multos

988 2978 1184 3078 guiticdvit
1199 3002 1287 3051 eum
1302 2978 1343 3049 in
1359 2978 1493 3050 timore
1512 2977 1618 3050 inimi
1672 2980 1808 3055 avertit
1832 2978 1882 3053 ab
1907 2974 2120 3075 iniquitdte.
2153 2978 2192 3058 ὲ.
2228 2970 2328 3043 Sus·

986 3079 1179 3165 cdrum,et
1193 3078 1232 3149 in
1245 3075 1368 3149 verbis
1380 3077 1456 3149 suis
1471 3073 1635 3151 monstm
1672 3078 1836 3179 cipiebat
1852 3100 2005 3165 omnes,
2026 3072 2233 3172 praedicans
2258 3092 2329 3143 re·

987 3178 1160 3275 placdvit.
1190 3174 1422 3249 Glonificdvit
1450 3174 1559 3249 ilium
1597 3177 1635 3249 iu
1672 3204 1792 3282 gnum
1807 3178 1889 3251 Dei.
1907 3178 1955 3250 Et
1969 3175 2122 3249 multos.

987 3277 1191 3375 conspectu
1210 3298 1370 3377 regum,
1394 3289 1433 3349 et
1450 3275 1563 3373 jussit
1583 3275 1635 3347 ilii
1734 3278 1863 3353 Lectio
1883 3276 1938 3375 iij.
1968 3280 2059 3375 Cap.
2075 3277 2124 3348 48
2138 3288 2174 3343 et
2189 3273 2252 3345 te.

988 3400 1116 3447 coram
1144 3374 1281 3473 pdpulo
1298 3399 1392 3466 suo,
1413 3388 1452 3447 et
1474 3374 1638 3448 ostendit
1734 3402 1847 3451 niutau
1873 3400 1934 3450 ma
1963 3399 2013 3449 no
2038 3372 2135 3449 vidit
2161 3370 2328 3466 ultima,

988 3475 1042 3549 iili
1079 3475 1238 3575 pidriam
1274 3498 1395 3549 suam.
1423 3474 1467 3547 ln
1490 3474 1567 3549 fide
1601 3489 1639 3547 et
1669 3388 1728 3565 S
1752 3491 1791 3551 et
1802 3476 2014 3552 consolatus
2027 3487 2083 3547 est
2094 3471 2265 3571 lugentes
2281 3471 2328 3545 in

988 3540 1143 3650 ienitdte
1186 3574 1302 3674 ipsius
1344 3587 1516 3648 sanctum
1546 3574 1639 3650 fecit
1674 3576 1777 3651 Sion.
1811 3578 1936 3676 Usque
1974 3576 2015 3648 in
2048 3572 2326 3672 sempiternum

988 3675 1123 3766 ilium,
1157 3688 1195 3748 et
1220 3674 1335 3774 eie'git
1351 3699 1441 3748 eum
1463 3699 1511 3748 ex
1534 3677 1636 3748 omni
1674 3675 1839 3751 ostendit
1871 3676 2002 3750 futdra
2033 3687 2072 3747 et
2101 3671 2328 3746 absctindita

989 3779 1128 3850 carue?
1145 3773 1297 3847 Audivit
1329 3774 1573 3866 enimcum,
1602 3787 1641 3847 et
1674 3777 1878 3876 (antequam
1903 3774 2110 3849 evenirent.
2142 3770 2329 3846 Memdria

990 3899 1121 3948 vocem
1137 3872 1273 3973 ipsius,
1294 3885 1333 3946 et
1358 3873 1508 3948 inddxit
1531 3873 1637 3946 ilium
1674 3875 1754 3974 ejus
1789 3877 1830 3950 in
1855 3875 2166 3974 compositionem
2197 3871 2328 3945 oddris

993 3976 1031 4048 in
1056 3971 1210 4048 nubem.
1231 3973 1279 4047 Et
1304 3971 1410 4046 dedit
1432 3972 1485 4046 itti
1510 3996 1637 4046 conam
1674 3975 1934 4075 facta,opuspi
1963 3973 2327 4047 mentdrii.lnomni

945 4100 952 4114 ·
992 4073 1178 4173 praece'pta
1207 4085 1245 4146 et
1274 4071 1396 4172 legem
1423 4073 1507 4146 vite
1524 4085 1563 4146 et
1579 4071 1636 4144 di·
1675 4076 1860 4174 orequasi
1877 4001 2226 4148 meiindutaabimr
2242 4072 2329 4170 ejus

992 4172 1181 4272 scipliuae,
1216 4170 1353 4245 docere
1376 4169 1495 4245 Jacob
1525 4185 1641 4246 testa·
1676 4175 1878 4267 memdria,
1925 4185 1964 4247 et
2004 4185 2049 4246 ut
2097 4170 2242 4244 indsica
2282 4171 2327 4244 in

994 4273 1164 4346 mentum
1190 4295 1326 4364 suum,
1357 4270 1551 4371 etjudicia
1574 4296 1639 4344 sua
1676 4274 1846 4348 convivio
1862 4273 1955 4346 vini.
1976 4273 2059 4370 ipse
2085 4284 2141 4345 est
2156 4263 2328 4345 dire'ctus

993 4371 1119 4446 lsrael.
1676 4373 1854 4448 divinitus
1878 4373 1919 4445 in
2003 4371 2202 4446 nitentium
2228 4393 2328 4470 gen-

986 4487 1024 4642 tp.
1065 4471 1182 4545 Natus
1219 4483 1275 4544 est
1312 4467 1434 4542 lsomo
1468 4469 1641 4568 princeps
1677 4473 1735 4563 tis,
1755 4485 1796 4546 et
1817 4471 1905 4548 tulit
1925 4397 2225 4545 affimimutnes
2248 4471 2328 4542 im-

1011 4575 1205 4658 mteum‚*
1228 4568 1527 4644 Firmamentum
1552 4593 1637 4669 gen·
1677 4570 1847 4671 pietdtis,
1868 4584 1908 4646 et
1927 4568 2156 4672 gabei-nevit
2178 4567 2229 4642 ad
2250 4570 2332 4642 Do-

995 4669 1073 4760 tis,
1101 4667 1400 4742 stabilimentum
1433 4668 1480 4767 pi»
1508 4669 1574 4742 uli.
1595 4678 1635 4760 j,
1677 4672 1826 4744 minum
1842 4697 1910 4746 cor
1930 4695 2058 4758 suum,
2080 4671 2173 4744 etin
2191 4667 2329 4744 die'bus

995 4768 1188 4842 Perie'ctus
1214 4766 1330 4842 homo
1361 4768 1429 4841 Dei
1452 4695 1505 4842 ad
1529 4792 1641 4840 omne
1677 4771 1920 4869 peccatorum
1952 4767 2212 4844 conrobort'tvit
2248 4770 2331 4867 pie·

994 4893 1088 4967 opus
1102 4865 1245 4942 bonum
1262 4867 1480 4942 instrdctus'.
1499 4867 1642 4940 Firma·
1677 4871 1807 4944 tatem.

996 4967 1181 5042 me‘ntum.
1672 4990 1713 5080 p,
1736 4972 1819 5069 lpse
1832 4982 2029 5068 tamquam
2046 4968 2187 5044 imbres
2202 4969 2332 5044 mittet

1220 5075 1348 5152 Lectio
1359 5077 1400 5176 ij.
1678 5067 2244 5170 eidquiasapientiaesuaezipse
2262 5093 2333 5168 pa-

1056 5191 1180 5240 τιιιιιτ
1199 5167 1233 5240 ei
1253 5164 1518 5240 testamcutum
1535 5163 1644 5240 nter·
1678 5167 1754 5242 lam
1768 5169 1881 5243 fdciet
1896 5167 2134 5269 disciplinam
2147 5168 2331 5242 doctrinae

987 5186 1047 5380 S
1072 5288 1190 5353 num,
1211 5277 1249 5340 et
1265 5263 1372 5339 dedit
1388 5265 1442 5338 illi
1465 5263 1642 5340 sacerdd
1679 5277 1797 5359 suaestt
1815 5271 1865 5343 Et
1877 5269 1917 5342 in
1931 5267 2014 5370 iege
2027 5268 2240 5344 testame'nti
2255 5268 2330 5341 ut-

1000 5378 1093 5438 uum
1137 5363 1289 5480 gentis,
1336 5377 1376 5438 et
1415 5359 1647 5439 beatiiicdvit
1679 5368 1773 5442 mini
1786 5365 2068 5542 ΐοιὶεἱὶιίῑιιιῄ,
2087 5367 2224 5442 Multos
2233 5361 2331 5440 silio·

999 5463 1107 5536 illum
1139 5486 1178 5536 ιιι
1217 5461 1362 5562 gloria,
1407 5476 1446 5538 et
1486 5463 1644 5538 circum·
1682 5493 1767 5540 rum
1824 5467 1902 5542 rael
1919 5467 2113 5542 convertet
2128 5465 2178 5541 ad
2195 5467 2330 5542 Domi-

999 5563 1119 5636 einxit
1133 5585 1219 5636 eum
1237 5585 1330 5636 zona
1352 5561 1503 5664 gloriae,
1523 5575 1563 5638 et
1585 5563 1646 5637 in·
1682 5591 1774 5640 num
1798 5569 1921 5642 Deum
1933 5567 2115 5668 ipsorum.
2128 5566 2330 5656 Etflldria

1001 5661 1086 5738 duit
1116 5685 1204 5736 eum
1221 5659 1318 5738 stola
1335 5667 1486 5765 gldriae,
1513 5678 1552 5741 et
1580 5687 1645 5738 co·
1682 5666 1796 5740 Patri.
1812 5667 1871 5742 Et.
