5325 7200
606 779 645 854 ¹8
1291 787 1366 859 Die
1386 783 1435 864 ir.
1456 781 1635 880 Augusti.

747 942 823 1012 rso
850 939 994 1014 sanctis
1016 939 1268 1039 illartyribus.
1492 921 1684 1001 decoristl
1707 949 1715 996 ε
1736 937 1772 998 te
1791 921 1986 1022 supplices
2011 925 2257 1008 exoremus;
2283 935 2323 996 ut

925 1049 1095 1123 Secreta,
1494 1035 1607 1128 cujus
1630 1027 1748 1104 hodie
1773 1028 1911 1106 merita
1935 1027 2166 1116 recolimus,
2186 1051 2213 1104 a
2228 1050 2324 1104 cun·

615 1174 618 1176 ’
688 1160 834 1220 οετιΑε
857 1141 943 1232 tibi,
977 1143 1163 1235 Domine,
1186 1169 1257 1246 pro
1277 1145 1429 1221 sancto·
1493 1139 1565 1216 ctis
1584 1136 1699 1212 malis
1717 1135 2124 1236 imminentibus,ejus
2138 1135 2326 1212 interces-

599 1177 794 1344 Hrum
826 1251 1052 1350 Mertyrum
1083 1256 1243 1328 tuorum
1269 1249 1425 1338 Felicis,
1494 1246 1604 1324 sione
1623 1243 1849 1321 liberemur.
1871 1247 1944 1321 Per
1965 1241 2209 1320 Dominum.

603 1354 813 1454 Simplicii,
840 1357 1021 1434 Faustini
1046 1374 1083 1434 et
1104 1356 1294 1436 Beatrlcis
1318 1381 1427 1434 com·
1542 1361 1589 1434 lit
1610 1359 1651 1433 lit
1667 1355 2087 1454 contnnn.vigitiaS.
2103 1357 2321 1434 Laurentii.

603 1459 889 1538 memoratione
929 1463 1158 1553 deferimus,
1202 1463 1429 1565 suppliciter
1827 1465 1981 1544 Oratio.

602 1569 883 1668 deprecantes,
921 1587 965 1648 ut
997 1570 1280 1671 indulgentiam
1312 1569 1428 1647 nobis
1577 1589 1723 1658 uESTO,
1755 1570 1940 1659 Domine,
1966 1566 2327 1670 supplicationibus

600 1675 746 1795 pariter
771 1675 976 1754 conferant
992 1694 1030 1755 et
1048 1680 1228 1756 saltitem.
1254 1681 1329 1756 Per
1348 1679 1428 1754 Do·
1488 1593 1565 1759 Α
1617 1676 1760 1754 nostris
1794 1708 1802 1754 :
1836 1693 1873 1754 et
1909 1677 2191 1754 intercessione
2225 1673 2325 1750 beeti

600 1805 773 1859 minum.
1497 1784 1697 1862 Laurentii
1728 1785 1916 1886 Martyris
1945 1783 2018 1866 tui.
2038 1787 2151 1886 cujus
2176 1805 2325 1882 praeve·

648 1900 903 1979 commuuio.
933 1905 1027 1978 Luc.
1051 1923 1102 1977 lo.
1126 1892 1297 1976 lntravit
1312 1895 1429 1970 lesus
1495 1895 1630 1967 nimus
1654 1891 1924 1981 festivititem;
1946 1897 2180 1991 perpetuam
2209 1887 2324 1964 nobis

603 1997 645 2072 in
663 1995 868 2096 quoddam
883 2000 1103 2086 castellum.
1116 2015 1154 2076 et
1168 2001 1311 2076 mulier
1327 2022 1429 2099 quae·
1496 1997 1808 2076 misericordiam
1830 2001 2023 2097 benignus
2043 1994 2248 2097 impende.

604 2103 713 2192 dam,
738 2105 899 2182 Martha
930 2106 1108 2196 nomine,
1138 2107 1288 2208 excepit
1315 2105 1428 2182 illum
1619 2111 1770 2185 Deinde
1793 2111 1832 2186 S.
1859 2109 2050 2198 Romani,
2076 2113 2194 2192 ulan.

603 2209 643 2286 in
662 2210 975 2290 domumsuam.
1829 2215 1977 2294 Oratio.

850 2326 1183 2404 lusteommunio.
1563 2339 1731 2410 amara,
1785 2343 2015 2420 quaesumus
2066 2325 2316 2420 omnipotens

604 2443 839 2632 Sullana,
873 2425 1058 2514 Demine‚
1094 2425 1232 2502 sallitis
1275 2432 1428 2504 aeternae
1578 2432 1686 2506 Deus
1714 2457 1721 2504 :
1748 2445 1790 2504 ut
1814 2427 2077 2504 intercedente
2101 2430 2214 2504 beato
2240 2431 2313 2504 Ro·

696 2530 904 2632 mysteriis,
949 2547 986 2609 te
1029 2532 1257 2634 suppliciter
1294 2537 1428 2610 exora·
1496 2541 1616 2614 meno
1644 2539 1817 2636 Martyre
1842 2551 1924 2622 tuo,
1955 2549 2036 2610 eta
2066 2533 2217 2612 cunctis
2250 2533 2313 2608 ad·

606 2660 719 2712 mus:
740 2653 784 2714 ut
797 2637 1058 2716 intercedente
1075 2643 1187 2717 berita
1204 2656 1242 2718 et
1252 2642 1428 2741 gloriesa
1494 2643 1745 2722 versitatibus
1773 2642 1986 2718 liberemur
2007 2642 2050 2718 in
2072 2648 2235 2742 corpore
2253 2673 2260 2730 ;
2281 2659 2314 2716 et

601 2742 761 2844 Virgine
797 2746 969 2836 Martha,
1000 2746 1158 2848 hospita
1196 2763 1284 2838 tua;
1321 2748 1429 2824 illius
1494 2748 1665 2851 apravis
1683 2747 1984 2848 cogitationibus
2009 2749 2250 2826 mundemur
2276 2745 2312 2822 in

602 2851 840 2948 gaudiorum
874 2852 1096 2930 efficiemur
1131 2853 1361 2954 participes,
1391 2871 1428 2931 et
1495 2873 1640 2936 mente.
1659 2859 1734 2933 Per
1754 2856 1988 2933 Dominum.

601 2958 735 3036 aeterni
758 2960 911 3060 praemii
937 2961 1174 3040 cohaeredes.
1202 2962 1284 3059 Qui
1309 2959 1425 3040 vivis.
1493 2962 1632 3048 Lectio
1655 2963 1841 3062 Epistolae
1869 2961 1971 3038 beati
2002 2961 2117 3040 Pauli
2141 2961 2309 3064 Apostoli

752 3083 827 3156 Pro
850 3079 992 3154 sanetis
1016 3077 1270 3175 Martyrlbus.
1646 3069 1696 3146 ad
1713 3067 1952 3146 Corinthios.
1976 3101 1996 3148 a
2022 3079 2111 3154 Cor.
2134 3099 2159 3154 1.

845 3184 1180 3261 Posteommunio.
1556 3195 1733 3254 RATRES:
1756 3175 1892 3253 Gloria
1911 3191 2045 3254 nostra
2066 3178 2148 3256 haec
2172 3193 2241 3264 est,
2259 3193 2307 3252 te·

676 3299 844 3372 nAEsTA,
897 3307 1128 3384 quaesumus
1178 3290 1429 3386 omnlpotens
1491 3213 1546 3382 F
1581 3283 1813 3362 stimonium
1855 3285 2104 3364 conscientiae
2146 3301 2303 3362 nostrae:

693 3391 801 3466 Deus
834 3420 843 3466 ε
875 3406 919 3467 ut
945 3396 1174 3469 sanctorum
1202 3395 1425 3496 Martyrum
1491 3394 1601 3497 quod
1637 3392 1678 3468 in
1706 3391 1954 3492 simplicitate
1971 3393 2103 3470 cordis
2126 3409 2162 3470 et
2190 3391 2306 3470 since·
2413 3421 2414 3484 t

602 3500 764 3572 tuorum
807 3495 961 3589 Felicis,
997 3498 1205 3600 Simplicii,
1246 3501 1425 3579 Faustini
1493 3503 1603 3578 rittite
1628 3497 1715 3588 Dei,
1737 3515 1773 3575 at
1792 3523 1872 3576 non
1895 3499 1936 3576 in
1962 3499 2154 3603 sapientia
2176 3503 2305 3576 carne·
2413 3489 2414 3567 l

602 3621 639 3681 et
677 3604 866 3683 Beatricis
895 3607 1119 3684 coelestibus
1145 3609 1341 3710 mysteriis
1366 3634 1427 3689 ce·
1491 3610 1532 3701 li,
1554 3608 1621 3685 sed
1641 3607 1682 3683 in
1700 3606 1822 3706 gretia
1843 3608 1915 3684 Dei
1930 3608 2148 3687 converseti
2174 3630 2302 3683 sumus

602 3712 752 3788 lebrata
782 3713 1023 3803 solemnitas,
1044 3713 1327 3814 indulgentiam
1361 3742 1427 3794 no·
1490 3715 1531 3793 in
1549 3718 1624 3792 hoc
1642 3714 1814 3805 mund0;
1830 3714 2099 3792 abundantius
2113 3730 2236 3793 autem
2255 3710 2299 3789 ad

601 3817 663 3895 bis
692 3834 770 3895 tuae
799 3818 1092 3921 propitiationis
1121 3827 1312 3923 acquirat.
1353 3829 1428 3904 Per
1489 3849 1574 3901 vos.
1597 3826 1691 3901 Non
1718 3820 1825 3897 enim
1853 3822 1930 3899 alia
1956 3824 2165 3900 scribimus
2180 3819 2296 3905 vobis,

603 3922 840 4004 Dominum.
1489 3954 1612 4032 quam
1651 3954 1740 4029 quae
1783 3928 1939 4028 legistis,
1976 3946 2013 4007 et
2057 3926 2295 4029 cognovistis.

1491 4040 1615 4137 Spero
1646 4050 1777 4111 autem
1812 4037 1921 4136 quod
1957 4062 2085 4138 usque
2120 4037 2160 4113 in
2188 4036 2295 4113 finem
2412 4026 2413 4049 ¹

780 4154 954 4230 FESTA
989 4156 1247 4235 AUGUS'l'l,
1489 4145 1744 4247 cognoscetis,
1755 4143 1855 4223 sicut
1872 4163 1910 4223 et
1927 4146 2162 4247 cognovistis
2176 4170 2241 4223 nos
2257 4166 2299 4219 ex

1490 4269 1613 4355 parte,
1634 4251 1742 4354 quod
1760 4252 1882 4352 gloria
1900 4270 2028 4332 vestra
2047 4278 2196 4341 sumus,
2212 4250 2299 4327 sicut

943 4376 1082 4436 olalx.
1492 4378 1530 4439 et
1558 4386 1631 4440 vos
1665 4376 1813 4453 nostra,
1835 4360 1876 4439 in
1906 4360 1971 4438 die
1999 4360 2162 4440 Domini
2191 4354 2299 4437 nostri

654 4460 712 4535 IN
734 4459 912 4538 FESTO
930 4460 1127 4538 SANCTI
1152 4464 1375 4555 SERENI,
1489 4472 1584 4549 Jesu
1604 4466 1765 4547 Christi.

726 4584 985 4644 EP¹SCOP1ET
1007 4584 1301 4648 courussoms.
1541 4584 1752 4665 Graduale.
1777 4583 1895 4661 Eccli.
1925 4588 1988 4683 48.
2011 4576 2188 4661 Surrexit
2202 4570 2301 4677 quasi
2411 4626 2412 4641 ι

745 4687 942 4764 lntroitus.
966 4685 1086 4769 Ercli.
1103 4697 1153 4785 48
1172 4703 1284 4785 etp).
1491 4684 1604 4785 ignis,
1625 4698 1663 4760 et
1688 4683 1857 4761 verbum
1889 4682 2015 4783 ipslus
2045 4684 2159 4785 quasi
2190 4682 2302 4761 sicula

613 4838 777 4898 st
796 4797 894 4857 rus
931 4796 989 4857 est
1023 4780 1160 4873 homo,
1201 4782 1428 4863 firmamen·
1491 4793 1669 4870 ardebat.
1688 4797 1729 4887 y,
1755 4792 2030 4892 Amplificitus
2054 4810 2112 4871 est
2136 4792 2175 4870 in
2199 4790 2302 4869 mira·

612 4901 679 4993 tio„
716 4893 767 4978 ζ,
804 4901 889 4963 tum
915 4887 1053 4987 gentis,
1085 4904 1213 4966 rector
1242 4891 1425 4987 fratrum,
1492 4899 1638 4977 bilibus
1665 4898 1761 4989 suis,
1782 4914 1820 4975 et
1842 4903 2044 4977 mertuum
2069 4894 2297 5003 prophetavit

614 4990 643 5090 j,
664 4988 734 5106 {23st
765 5020 778 5092 χ
806 4994 1116 5073 stabilimentum
1143 4998 1295 5097 populi.
1323 5003 1428 5078 Con·
1491 5032 1637 5109 corpus
1654 5010 1752 5109 ejus.

632 5124 644 5136 *
675 5124 735 5150 a*
761 5105 778 5138 ‘³
806 5102 955 5178 solitus
970 5118 1028 5179 est
1046 5104 1220 5203 lugentes
1238 5104 1280 5182 in
1301 5106 1424 5187 Sion:
1540 5114 1722 5205 Alleluia,
1743 5113 1912 5191 alleluia.
1930 5128 1972 5203 i.
1993 5122 2111 5207 Eccli.
2128 5150 2192 5223 49,
2212 5116 2300 5191 Ossa

601 5219 639 5280 et
672 5230 763 5282 ossa
798 5206 924 5308 ipsius
955 5208 1112 5285 visiteta
1145 5228 1251 5301 sunt,
1283 5229 1321 5291 et
1340 5234 1429 5315 post
1491 5226 1575 5324 ejus
1594 5224 1786 5322 pullulent
1805 5222 1854 5298 de
1872 5222 1959 5298 loco
1974 5246 2048 5299 suo
2070 5252 2078 5299 :
2100 5247 2191 5299 nam
2210 5220 2301 5299 rede·

601 5326 772 5389 mortem
802 5316 1149 5415 prophetaverunt.
1190 5334 1335 5413 psalm,
1366 5342 1423 5416 32,
1493 5334 1651 5405 merunt
1668 5353 1708 5404 se
1727 5327 1768 5403 in
1786 5327 1864 5404 fide
1881 5327 2050 5407 virttitis.
2067 5330 2242 5407 Alleluia.
2410 5400 2411 5417 t

602 5420 890 5523 Exultetejusti
904 5420 944 5497 in
958 5420 1134 5499 Domino
1153 5451 1161 5499 :
1179 5442 1305 5507 rectos
1319 5428 1429 5510 decet
1489 5434 1541 5540 ᾖ
1567 5434 1783 5537 sequentia
1806 5435 1929 5513 sancti
1958 5436 2158 5537 Evangelii
2181 5442 2301 5513 sectio·
2410 5452 2411 5475 ¹

598 5526 853 5618 collaudetio.
881 5540 924 5631 y,
947 5528 1083 5609 Gloria
1099 5531 1220 5611 Patri.
1590 5543 1689 5619 dum
1719 5546 2211 5651 Matthaeum,p1agh‚24,
2410 5538 2411 5549 '

936 5652 1087 5729 Oratio.
1531 5671 1556 5727 u
1578 5650 1645 5727 illo
1664 5656 1840 5750 tempore
1861 5678 1870 5725 ε
1894 5648 2000 5728 Dixit
2015 5654 2133 5729 lesus
2149 5650 2301 5751 discipu·

690 5760 827 5821 omma:
857 5748 967 5824 Deus
993 5762 1138 5840 noster,
1162 5750 1232 5853 qui
1270 5752 1429 5830 beilum
1556 5759 1603 5835 lis
1627 5759 1709 5835 suis
1730 5788 1738 5836 :
1759 5758 1936 5859 Vigilete,
1956 5758 2050 5861 quia
2066 5760 2216 5838 nescitis
2232 5782 2299 5860 qua

708 5852 915 5945 Serenum,
932 5857 1208 5936 Confessorem
1235 5876 1349 5937 tuum
1377 5876 1429 5937 at·
1493 5866 1590 5944 hora
1618 5866 1816 5944 Dominus
1838 5883 1965 5945 vester
1981 5866 2240 5945 ventorussir.
2258 5864 2299 5942 ll·

597 5979 677 6074 que
719 5960 988 6052 Pontificem,
1016 5966 1204 6063 pastorali
1242 5966 1430 6045 sollicitu-
1492 5973 1561 6049 lud
1588 5990 1721 6051 autem
1748 5964 1896 6065 scitote,
1921 5974 2115 6075 quoniam
2142 5974 2173 6052 si
2198 5972 2297 6051 sciret
2409 6042 2410 6051 t

599 6059 693 6139 dtne
715 6066 932 6166 gloriosum
961 6070 1144 6164 effecisti,
1165 6088 1203 6153 et
1224 6074 1429 6155 mireculis
1492 6080 1774 6183 paterfamilias
1800 6104 1882 6183 qua
1907 6080 2007 6161 hora
2030 6082 2095 6161 fur
2122 6086 2293 6161 ventums
