5325 7200
346 891 2015 926 Μ

347 976 352 1253 l
393 1007 398 1169 l
696 1160 751 1203 nm
772 1158 806 1200 n.
830 1155 1031 1200 sermnem.
1052 1149 1471 1206 ss.snr0n1nr,soanmssa
1490 1149 1654 1194 nuancnn.
1857 1135 1909 1195 29*

350 1330 353 1357 .
394 1172 399 1365 l
446 1279 494 1351 cit
513 1275 699 1363 deinus,
724 1269 904 1370 qubmodo
923 1269 951 1340 si
977 1267 1129 1340 inierant

396 1398 399 1419 ¹
446 1383 511 1456 nbi
527 1382 632 1454 lsrael
650 1402 782 1452 munus
796 1379 830 1448 in
846 1397 923 1447 vase
940 1374 1074 1446 mundo
1091 1375 1127 1444 in

447 1488 594 1562 domum
617 1485 771 1558 deini.
809 1483 854 1556 Et
884 1483 1056 1552 assemam
1085 1502 1126 1550 ex

447 1596 496 1669 eis
523 1596 560 1666 in
586 1591 792 1666 Sacerddtes
812 1595 846 1661 et
870 1587 1017 1675 benitas,
1046 1584 1128 1656 dicit

354 1720 357 1797 t
449 1701 631 1773 deinus.
658 1699 753 1788 ‚Quia
778 1697 866 1767 sicut
893 1691 971 1765 coeli
997 1692 1073 1763 nori
1094 1697 1128 1763 et

355 1830 364 1905 Ιι
449 1815 539 1882 terra
552 1829 652 1892 nora,
673 1827 753 1900 quar
766 1825 832 1900 ego
846 1799 934 1872 idcio
955 1803 1044 1870 stare
1069 1819 1128 1868 cn-

355 1934 358 1949 ·
449 1933 522 1982 ram
543 1933 613 1994 me,
636 1909 720 1981 dicit
743 1907 925 1987 deiuus,
951 1905 1000 1976 sic
1026 1901 1128 1974 stabit

356 2008 360 2129 l
450 2039 566 2088 semen
582 2024 732 2089 restrum
747 2021 783 2086 et
809 2035 938 2086 nomen
960 2018 1124 2083 restrum.

450 2123 492 2194 Et
504 2123 570 2195 erit
593 2121 724 2195 mensis
737 2145 779 2194 ex
794 2142 931 2201 mense,
951 2123 985 2190 et
1006 2115 1126 2189 sdbba-

358 2186 362 2311 l
452 2236 524 2300 tum
550 2252 592 2301 ex
628 2227 771 2300 sabbato
814 2255 822 2294 ι
860 2225 973 2296 reniet
1014 2224 1128 2296 omnis

358 2322 364 2501 ι
404 2274 408 2431 l
452 2355 529 2406 mro
557 2341 597 2406 ut
627 2333 748 2406 addret
773 2353 890 2405 coram
922 2330 1009 2403 licie
1035 2351 1125 2414 mea,

361 2432 370 2639 Nl
404 2456 409 2561 Ι
452 2439 532 2512 dicit
543 2440 729 2512 Dbminus.

499 2544 689 2620 Grndrrnlc.
706 2546 881 2618 lsnioebtl.
898 2544 965 2630 Qui
978 2548 1061 2614 sunt
1074 2540 1125 2611 isti

368 2654 371 2691 ¹
453 2656 508 2751 qui
518 2663 558 2728 ut
570 2655 681 2728 nubes
696 2654 824 2737 rotant,
839 2661 875 2724 et
883 2651 981 2748 quasi
998 2649 1129 2722 cclirru·

452 2761 503 2834 bae
515 2761 559 2835 ad
579 2762 747 2834 fenestras
763 2764 868 2832 suast
886 2758 924 2836 il.
941 2759 995 2829 lsti
1012 2757 1127 2830 bdmi-

363 2880 367 2977 Ι
455 2891 511 2940 nes
535 2869 622 2940 servi
647 2868 709 2939 Dei
729 2865 853 2939 excelsi
872 2871 966 2947 sunt,
989 2864 1048 2959 qui
1068 2886 1129 2935 an-

456 2977 613 3048 nintiant
638 2974 733 3047 robis
759 2975 848 3045 riam
871 2972 1002 3044 salutis.
1035 2971 1129 3043 atte-

364 3030 368 3177 l
456 3081 536 3177 aja,
559 3081 716 3176 alleluja.
734 3079 891 3158 trretr.
919 3084 954 3151 e.
976 3077 1126 3152 salusa

372 3180 375 3203 ¹
458 3211 514 3260 nes
526 3187 808 3271 confirmataest,
829 3186 1042 3260 contestante
1056 3183 1128 3256 Deo

410 3274 414 3339 Ι
457 3294 566 3390 signis,
586 3301 621 3366 et
638 3293 816 3390 portentis,
840 3299 874 3364 et
894 3292 997 3364 vdriis
1022 3290 1129 3363 rirtu-

374 3372 376 3429 *
457 3401 555 3474 riuus.
584 3400 748 3496 uterus.

374 3506 378 3654 1
686 3545 878 3607 sconsum.

613 3672 697 3721 ans
711 3646 934 3721 concentibus

633 3755 754 3828 Gentis
768 3752 962 3849 dpdstolos,

550 3862 652 3935 Senis
666 3860 894 3935 conedrdibus

549 3966 703 4041 lltdstres
716 3966 863 4040 cumulos

550 4073 602 4147 ad
613 4081 704 4147 astra
719 4074 839 4147 tdllite.

599 4204 722 4280 Honuu
736 4205 911 4278 labbribus
940 4248 946 4255 ·

552 4310 687 4385 annisu
715 4312 852 4396 veritas,

551 4418 593 4491 ut
606 4420 649 4491 ab
663 4418 839 4491 errdribus

551 4524 700 4623 Purgdla
713 4524 839 4597 Civitas
855 4553 863 4594 :

551 4630 715 4705 Certatim
729 4632 877 4729 psallite.

600 4758 711 4831 Frusrs
725 4756 925 4830 numinibus

553 4862 641 4937 ceci
655 4864 739 4937 dum
752 4864 921 4952 serviunt,

552 4970 684 5043 Herum
694 4970 912 5043 sermdnibus

551 5077 665 5150 Nubes
677 5076 887 5172 diiirigiunt;

552 5184 628 5256 lam
637 5182 796 5257 Christus
809 5183 946 5256 cdlitnr.

384 5371 387 5386 ‚
603 5304 901 5379 Cuan1mirdculis

469 5414 473 5419 ’
552 5410 879 5509 Verbbqueterridi,

553 5516 646 5589 Dum
662 5542 699 5591 se
711 5519 874 5615 periculis

555 5624 710 5698 Tradunt
724 5625 900 5720 impdvidi,

554 5730 656 5804 Fides
666 5734 861 5828 suscipitur.

604 5856 671 5929 lau
685 5854 781 5929 adest
795 5856 938 5930 saeviens

558 5962 675 6037 llundi
690 5963 860 6050 lerdcitas,

1326 1263 1395 1338 Sed
1410 1264 1516 1335 virtus
1531 1263 1677 1358 patiens,

1328 1371 1455 1442 invicta
1468 1371 1591 1444 veritas

1326 1475 1635 1570 Ambitsupplicia.

1376 1590 1466 1663 Tana
1481 1590 1650 1664 minentis

1326 1697 1420 1768 Dum
1438 1707 1605 1791 spernunt
1619 1697 1763 1788 diacres,

1327 1803 1418 1876 Suos
1443 1800 1486 1873 ad
1504 1801 1605 1874 tdrtia

1326 1907 1533 1981 obfirmans
1547 1909 1721 2005 Martyres,

1325 2013 1381 2085 Fit
1395 2033 1551 2108 praesens
1562 2015 1682 2111 gratia.

1376 2137 1413 2208 ln
1428 2133 1549 2208 vinctis
1563 2135 1673 2210 libera

1326 2243 1421 2316 biens
1436 2265 1505 2316 non
1521 2241 1681 2339 dejicitur
1701 2273 1708 2315 :

1327 2351 1479 2423 Hereum
1507 2351 1636 2424 aemula

1292 2463 1298 2470 '
1327 2457 1444 2529 Virtus
1463 2456 1548 2529 dum
1563 2457 1704 2552 petitur,

1326 2563 1374 2636 Se
1386 2561 1509 2634 lubens
1524 2563 1695 2636 immolat.

1376 2669 1536 2742 Fanuans
1550 2669 1738 2742 crudelitas

1326 2775 1453 2849 Delusa
1469 2775 1601 2848 tattttur
1621 2805 1630 2866 3

1327 2883 1456 2956 Victrix
1477 2905 1558 2956 nam
1574 2883 1710 2964 caritas.

1329 2989 1424 3061 Dum
1444 2989 1535 3062 terro
1551 2990 1696 3073 tdllitnr,

1331 3093 1638 3168 Adcoeloserolat.

1377 3201 1459 3286 Vos
1481 3225 1634 3298 quorum
1647 3202 1813 3300 sdnguine

1327 3307 1446 3382 Tellus
1464 3309 1540 3382 baec
1553 3308 1682 3394 nibuit,

1328 3416 1408 3502 Quo
1422 3421 1601 3510 tamquam
1615 3416 1747 3488 semine

1327 3521 1430 3594 Fides
1443 3521 1609 3606 ellldruit,

1176 3637 1181 3667 ¹
1330 3628 1480 3701 Athletae
1496 3626 1655 3701 ndbiles:

1377 3734 1492 3809 anas
1503 3734 1716 3830 supplicibus

1328 3840 1434 3915 Nobis
1452 3841 1644 3915 subsidium
1664 3870 1672 3929 ;

1330 3948 1445 4021 llstdte
1457 3948 1619 4044 precibus

1329 4052 1450 4129 Gentis
1464 4054 1684 4150 presidium,

1332 4160 1364 4233 0
1380 4159 1510 4235 Christi
1525 4160 1682 4257 pugiles!

1379 4267 1504 4341 Amen.
1525 4266 1689 4362 alleluja.

1238 4371 1276 4445 ›1‹
1307 4372 1496 4471 Sequentia
1521 4373 1631 4445 sancti
1661 4369 1836 4468 Evangelii
1861 4389 1913 4441 se·

1220 4516 1228 4529 ·
1282 4478 1438 4551 cundum
1466 4480 1632 4553 Marcum.
1659 4482 1770 4551 Marc.
1802 4481 1859 4549 16.

1232 4584 1369 4764 Initio
1389 4583 1563 4681 tempore:
1580 4586 1673 4657 Dixit
1695 4585 1793 4656 lesus
1813 4582 1913 4657 disci·

1296 4690 1388 4785 pulis
1402 4693 1472 4763 suis
1498 4721 1505 4761 ε
1530 4693 1659 4764 Diintes
1678 4692 1712 4761 in
1741 4688 1912 4761 mundum

1233 4796 1451 4886 universum,
1480 4797 1664 4892 predicate
1687 4794 1911 4891 Evangelium

1234 4903 1329 4975 omni
1357 4904 1540 4977 creattiroe.
1565 4903 1632 4989 Qui
1654 4899 1852 4990 crediderit,
1880 4906 1915 4972 et

1234 5006 1426 5103 baptizatus
1449 5008 1566 5091 tircrit,
1592 5006 1706 5081 salvus
1731 5005 1821 5079 erit:
1854 5006 1914 5101 qui

1237 5144 1413 5195 veronen
1440 5120 1637 5207 crediderit,
1668 5118 1915 5195 condemndbi-

1236 5224 1912 5326 tur.Signeautemeosquicrediderint,

1239 5334 1315 5407 baec
1328 5342 1519 5430 sequentur
1536 5334 1833 5410 :lundminemeo
1848 5332 1917 5405 dae-

1238 5442 1356 5514 mdnia
1387 5444 1542 5538 ejicient,
1571 5441 1699 5539 linguis
1728 5439 1918 5535 loquentur

1239 5548 1540 5643 novis„serpentes
1558 5548 1707 5623 tollent:
1730 5544 1805 5618 etsi
1827 5565 1919 5615 mor-

1238 5651 1376 5725 titerum
1392 5654 1477 5749 quid
1494 5654 1644 5726 biberint
1663 5674 1736 5725 nnn
1748 5649 1798 5721 eis
1819 5650 1919 5719 noce·

1238 5758 1307 5845 bit;
1324 5784 1429 5855 super
1443 5783 1555 5859 aegros
1573 5781 1698 5832 manus
1718 5756 1915 5851 impbnent,

1238 5872 1273 5937 et
1286 5865 1374 5939 bene
1390 5864 1581 5939 habebunt.

1288 5976 1425 6048 Dicitur
1439 5972 1565 6049 Crede.
