5325 7200
1001 1851 1342 1956 ΑΡΡΑΜΙΕΝ.

486 2201 531 2265 lle
546 2201 689 2266 Romana
704 2201 839 2286 liturgia
852 2203 885 2268 in
906 2222 994 2268 suam
1013 2203 1176 2269 [lioecesim
1190 2204 1363 2268 revocanda
1378 2203 1517 2286 apprime
1538 2201 1686 2266 sollicitus
1705 2201 1905 2266 Reverendis·

449 2307 542 2371 simus
562 2309 714 2374 Dominus
727 2310 863 2376 loannes
885 2311 1065 2376 Franciscus
1079 2312 1209 2391 Gallier,
1223 2312 1394 2394 Episcopus
1414 2309 1643 2394 Appamiensis,
1659 2309 1905 2390 acceptissimum

450 2417 536 2481 Gtero
557 2418 740 2500 populoque
760 2419 816 2481 sibi
833 2419 1007 2484 commissis
1027 2417 1094 2484 iore
1113 2419 1269 2501 perspexit
1289 2420 1315 2481 si
1339 2419 1369 2480 in
1386 2418 1571 2482 Kalendario
1586 2417 1766 2480 Dioecesano
1780 2415 1906 2478 nomina

449 2523 567 2586 illomm
579 2523 722 2588 Goelitnm
732 2526 891 2606 pristinam
903 2526 1107 2590 honorificam
1121 2526 1226 2589 sedem
1237 2532 1401 2608 pergerent
1415 2523 1557 2601 retinere,
1579 2542 1657 2605 qnos
1672 2523 1752 2586 varia
1762 2522 1906 2587 Dioecesis

450 2624 515 2686 loen
532 2629 690 2706 tamquam
703 2627 842 2689 coelestes
855 2627 939 2708 apud
955 2627 1056 2690 Ileutn
1079 2635 1256 2709 patronosa
1276 2625 1404 2689 vetustis
1418 2624 1536 2687 saeculis
1552 2623 1698 2706 peculiari
1717 2625 1804 2686 cultu
1819 2623 1906 2686 cele-

364 2716 373 2785 ’ἶ
450 2728 533 2792 brare
545 2735 788 2792 consueverunt.
804 2729 865 2792 Piis
877 2731 983 2813 itaque
996 2731 1151 2811 ejusmodi
1163 2731 1241 2793 votis
1257 2739 1415 2812 permotus
1429 2729 1545 2792 nedum
1560 2728 1777 2792 Kalendarium
1792 2745 1905 2810 perpa-

370 2916 374 2927 .
450 2843 535 2899 tunm
549 2855 607 2918 pro
622 2855 682 2900 usu
696 2836 842 2900 llioecesis
855 2857 921 2900 suae
936 2839 977 2901 ita
991 2839 1144 2902 conficere
1158 2837 1289 2914 studuit,
1303 2845 1337 2898 nt
1350 2841 1466 2900 certam
1479 2835 1635 2916 fixamque
1649 2834 1754 2898 sedem
1768 2833 1905 2915 praedicti

263 3255 369 3421 ts
409 3132 413 3397 i

264 3469 375 3550 litii!

264 3566 375 3717 „pti
410 3665 413 3678 .

365 3707 369 3776 ζ
448 3692 500 3755 sibi
514 3692 681 3757 oommisso
693 3692 863 3756 concedere
877 3690 1067 3772 dignaretur.

451 2943 567 3006 tloelites
592 2944 623 3006 in
644 2943 758 3006 eodem
784 2943 943 3020 haberent,
970 2945 1026 3008 sed
1048 2962 1173 3008 ornnem
1202 2954 1350 3025 praeterea
1375 2959 1482 3006 curam
1511 2941 1658 3014 adhibuit,
1687 2947 1722 3004 nt
1748 2940 1906 3003 recitanda

451 3049 610 3129 quotannis
624 3067 643 3109 a
657 3045 747 3112 Clero
758 3047 940 3114 llioecesano
954 3049 984 3112 in
996 3049 1124 3112 illorum
1136 3049 1287 3112 honorem
1299 3047 1405 3112 Officia
1420 3055 1452 3110 et
1463 3047 1566 3112 llissas
1583 3067 1600 3112 e
1620 3046 1755 3129 probatis
1769 3046 1907 3110 lontibus

451 3155 622 3219 denumerat
644 3163 779 3237 apteque
804 3156 1015 3220 concinnaret.
1036 3155 1082 3219 Ne
1102 3173 1177 3218 vero
1195 3155 1227 3217 in
1248 3157 1375 3236 negotio
1395 3154 1571 3235 gravissimo
1591 3153 1674 3236 quod
1695 3153 1790 3234 probe
1819 3161 1907 3216 norat

448 3263 531 3341 juata
560 3261 790 3328 Feclesiasticas
812 3265 897 3345 leges
923 3281 1069 3346 supremo
1096 3263 1185 3326 Sedis
1204 3263 1388 3348 Apostolicae
1411 3263 1527 3342 judicio
1547 3259 1705 3340 reseruari,
1734 3260 1905 3344 quidquam

451 3369 774 3452 anctoritatepropria
801 3371 968 3458 decernere
990 3371 1164 3448 videretur,
1186 3369 1351 3451 Exemplar
1375 3381 1439 3433 tum
1465 3370 1638 3434 Kalendarii
1658 3371 1811 3453 perpetui,
1837 3375 1905 3432 tum

450 3476 563 3558 Proprii
586 3478 766 3543 Officiorum
785 3485 878 3560 atque
896 3473 1244 3550 bbs'sarum‘bun‘rilbme
1264 3477 1405 3539 exhibuit
1421 3477 1618 3540 sanctissimo
1638 3477 1771 3542 Domino
1793 3475 1905 3538 Nostro

449 3582 500 3647 Pio
513 3584 607 3668 Papae
620 3583 689 3663 lli,
711 3583 902 3668 supplicibus
917 3583 995 3648 votis
1009 3585 1048 3648 ab
1066 3603 1104 3650 eo
1124 3584 1284 3667 postulans
1306 3589 1341 3647 ut
1363 3583 1413 3645 illa
1436 3584 1619 3667 approbare,
1636 3583 1798 3665 eidemque
1817 3581 1905 3647 Clero

366 3865 368 3886 .
485 3826 590 3900 Quum
612 3833 717 3889 autem
737 3826 952 3890 Sanctissimae
969 3824 1119 3889 Dominus
1144 3842 1273 3887 examen
1294 3824 1387 3904 huius
1407 3824 1510 3906 operis
1530 3822 1718 3887 commiserit
1740 3822 1904 3885 Sacrorum

372 3945 375 3968 ¹
447 3930 573 3997 itituum
594 3932 842 4014 congregationi,
865 3932 930 3996 baec
951 3932 1094 3996 omnibns
1111 3934 1256 3995 accurate
1274 3932 1433 4013 perpensis
1457 3930 1539 3995 idem
1562 3928 1778 3995 Kalendarinm
1800 3928 1907 4009 Appa-

372 4067 375 4078 Ι

372 4139 376 4152 Ι

407 4797 411 4948 l

370 4951 411 5148 ΙΙ

448 4040 562 4104 miense
583 4058 656 4103 cum
677 4039 799 4121 adjecto
817 4038 946 4123 Proprio
967 4038 1148 4103 Officiorum
1167 4044 1199 4101 et
1219 4038 1376 4101 Missurum
1397 4038 1561 4121 approbari
1586 4056 1676 4120 posse
1698 4034 1821 4101 censuit
1845 4031 1903 4095 sub

448 4148 538 4209 modo
554 4152 660 4210 tamen
675 4152 707 4209 et
719 4144 818 4209 forma
832 4164 906 4209 cura
920 4144 1020 4209 Sacrae
1033 4143 1284 4227 Congregationis
1297 4145 1327 4207 in
1342 4144 1508 4225 exemplari
1522 4144 1680 4228 proposito
1699 4140 1861 4207 adnotatis.

486 4278 572 4343 lianc
590 4296 684 4362 porro
704 4278 803 4343 Sacrae
817 4278 1070 4361 Congregationis
1082 4278 1267 4342 sententiam
1282 4276 1432 4341 Sanctitas
1455 4276 1529 4355 Sua,
1553 4277 1705 4341 referente
1727 4274 1899 4356 subscripto

449 4384 631 4463 Secretario,
645 4395 742 4449 ratam
754 4386 861 4449 babuit
873 4393 905 4451 et
918 4386 1124 4464 confirmavit,
1137 4386 1368 4467 clementerque
1384 4384 1509 4448 indulsit
1524 4391 1559 4447 nt
1572 4384 1655 4449 idem
1669 4382 1899 4457 Kalendarium,

449 4500 477 4555 ct
494 4492 658 4574 Pr0prium
677 4492 735 4555 sub
754 4492 847 4557 modo
861 4498 892 4556 et
905 4492 1004 4557 forma
1019 4493 1172 4575 predictis
1185 4511 1203 4555 a
1218 4492 1306 4554 Glero
1321 4490 1456 4576 Ciuitatis
1474 4508 1512 4555 ac
1526 4490 1668 4555 Dioecesis
1686 4487 1902 4574 Appamiensis

448 4605 509 4661 tam
526 4600 559 4662 in
572 4598 663 4663 lloris
678 4598 838 4665 Canonicis
854 4604 943 4683 juxta
956 4600 1049 4663 ritum
1063 4599 1182 4663 Sanctae
1194 4598 1342 4663 Romnnae
1356 4598 1500 4663 Ecclesiae
1520 4597 1740 4679 persolvendis,
1756 4615 1850 4677 quarn
1871 4594 1901 4656 in

448 4702 540 4769 tussis
561 4705 755 4770 celebrandis
774 4716 928 4789 perpetuo
947 4712 1124 4784 serventur3
1140 4706 1281 4785 injuncto
1300 4723 1394 4767 onere
1413 4714 1448 4767 ut
1460 4712 1624 4786 postquam
1644 4703 1724 4765 idem
1743 4701 1902 4783 Proprium

448 4810 535 4875 luerit
548 4813 644 4895 praelo
657 4814 870 4893 commissum,
887 4814 1001 4897 duplex
1015 4813 1227 4877 authenticum
1249 4812 1407 4894 exemplar
1425 4812 1463 4873 ad
1479 4809 1604 4871 Sacram
1624 4808 1753 4871 Ilituum
1768 4806 1902 4886 Congre-

449 4918 601 4998 gationem
615 4919 823 5005 transferatur.

485 5024 650 5091 Contrariis
663 5046 726 5094 non
741 5028 932 5094 obstantibus
945 5030 1204 5113 quibuscumque.
1219 5029 1274 5093 Die
1293 5030 1334 5090 29
1347 5026 1459 5108 Aprilis
1474 5026 1562 5087 1858.

765 5161 799 5226 C.
820 5162 975 5229 Erunorm
989 5164 1144 5228 Anannnn.
1160 5164 1254 5227 Canu.
1272 5160 1437 5237 Pntntzt,
1453 5159 1487 5221 S.
1503 5158 1543 5221 R.
1566 5157 1600 5221 C.
1618 5158 1794 5239 Profectus.

1051 5270 1090 5335 Η.
1106 5272 1245 5347 Cmanrr,
1263 5269 1299 5331 S.
1315 5269 1355 5330 R.
1375 5266 1409 5330 C.
1433 5265 1633 5329 Secretoriur.
