5325 7200
392 1152 395 1187 =
535 1140 808 1186 nomenarocr.
830 1140 982 1186 anuum.
1005 1125 1097 1200 astu.
1118 1139 1150 1185 r.
1173 1141 1296 1185 mrum
1316 1141 1472 1186 mursam
1491 1141 1603 1185 connis
1623 1143 1654 1185 a.
1678 1141 1713 1184 rs.
1735 1143 1768 1187 v.
1854 1125 1905 1186 11*

446 1255 488 1330 ad
504 1278 589 1330 eum
611 1263 709 1331 extra
725 1263 849 1347 castra,
873 1256 1122 1352 improperium

345 1420 348 1451 ,
445 1363 519 1456 ejus
535 1363 726 1458 purtintes.
747 1364 825 1437 Nou
839 1363 935 1437 enim
953 1362 1124 1436 hahemus

354 1534 356 1545 .
394 1458 398 1545 l
447 1467 503 1540 hic
521 1472 723 1542 manentem
741 1469 928 1552 ciuitilem,
951 1467 1010 1542 sed
1030 1468 1124 1541 lutir-

446 1593 520 1644 ram
546 1573 770 1670 inquirimus.
802 1575 869 1649 Per
897 1575 1012 1670 ipsum
1039 1597 1123 1672 ergo

445 1677 633 1752 munus
663 1678 815 1754 hdstiam
846 1677 959 1754 laudis
987 1701 1124 1775 semper

350 1866 353 1889 Ι
445 1785 528 1868 lien,
549 1783 584 1858 id
603 1792 657 1858 est
673 1785 828 1859 fructum
851 1785 1024 1860 lahidrum
1041 1809 1123 1860 con-

444 1891 619 1964 fitentium
635 1892 767 1965 ndmini
779 1894 866 1988 ejus.
882 1891 1122 1966 Benefinentiae

444 2004 575 2082 autem,
594 2006 631 2070 et
646 1999 902 2072 eommunidnis
916 1998 1025 2072 nolite
1038 1998 1124 2072 obli·

446 2105 524 2178 visci
548 2133 557 2176 ι
582 2105 709 2180 lilibus
729 2106 823 2179 enim
846 2106 970 2179 hdstiis
987 2128 1123 2202 promc-

444 2215 541 2284 retur
558 2211 664 2285 Deus.
689 2211 836 2286 Ohedite
858 2213 1049 2308 praepdsitis
1070 2236 1123 2286 ue·

446 2318 536 2400 stris,
571 2325 608 2390 et
634 2317 808 2413 subjacete
838 2314 901 2390 eis.
931 2319 998 2413 lpsi
1027 2319 1122 2391 enim

355 2442 358 2457 ·
447 2423 650 2522 pervigilant
666 2424 764 2520 quasi
783 2424 953 2498 ratidnem
972 2447 1035 2520 pro
1052 2425 1123 2498 ani·

362 2516 365 2585 l
448 2529 570 2602 mdhus
588 2531 707 2604 vestris
724 2529 908 2604 reddituri.

494 2633 686 2710 Grndunle.
706 2633 841 2708 Panlm.
859 2639 941 2710 l3l.
957 2635 1124 2712 Sacardd·

449 2749 496 2818 tes
512 2743 590 2840 ejus
607 2741 752 2816 induam
770 2742 913 2818 salutari
932 2773 941 2816 ε
961 2753 996 2818 et
1013 2745 1122 2819 sancti

365 2920 368 2953 ÷
448 2849 1124 2947 ejusexultatidneexultdbunl.rl.Illuc

449 2957 638 3053 producam
657 2979 766 3030 cornu
784 2956 907 3039 Dauid,
931 2957 1048 3054 parisi
1069 2957 1124 3032 lu-

359 3116 363 3131 .
448 3067 588 3135 cernam
607 3061 746 3136 Christo
766 3086 857 3136 men.
885 3062 1049 3158 alleluja,
1074 3064 1124 3136 al-

449 3167 529 3264 lrija.
552 3165 589 3244 i.
610 3166 745 3242 Psnlm.
767 3173 848 3242 109.
864 3169 1125 3244 lurdvitlldmi·

450 3299 529 3365 nus,
552 3283 587 3348 et
605 3299 675 3350 nun
698 3277 878 3372 poeniiehit
895 3300 976 3350 eum
999 3307 1008 3351 ε
1030 3287 1068 3354 tu
1087 3301 1124 3354 oe

361 3380 370 3455 ’ῑ
450 3381 616 3456 Sacerdos
644 3383 679 3454 in
711 3387 895 3468 aeternum,
929 3385 1121 3461 secundum

360 3542 364 3555 .
450 3487 607 3562 drdinem
622 3487 889 3563 Melchisedech.
906 3488 1069 3587 dlleldja.

361 3592 369 3676 ’ἱ
498 3600 629 3695 Evcnp.
647 3595 749 3670 Venit
764 3596 860 3670 lesus
875 3596 910 3669 in
925 3604 1038 3693 partes
1050 3598 1123 3675 Cre-

451 3707 554 3775 sareae
569 3702 736 3799 Philippi,
749 3728 789 3801 p.
808 3706 892 3777 413.

360 3787 363 3842 l
496 3812 542 3881 lit
558 3808 687 3881 dicitur
704 3809 827 3884 Credo.

497 3918 736 4015 offertorium.
757 3920 888 3990 Psalm.
917 3923 977 3993 88.
1002 3920 1121 3995 Inveni

450 4022 553 4096 David
579 4046 716 4096 servum
745 4044 875 4109 meum,
906 4024 983 4099 dleo
1005 4034 1122 4100 sancto

366 4191 369 4202 .
451 4152 526 4202 men
543 4130 629 4201 unxi
646 4152 728 4202 eum
749 4156 758 4201 :
779 4152 905 4203 manus
925 4132 1018 4204 enim
1044 4155 1123 4207 mea

367 4255 370 4308 ε
450 4234 672 4309 aurilidhilur
686 4234 732 4325 ei,
749 4242 782 4312 et
799 4236 982 4311 brichium
1005 4262 1122 4312 meum

361 5363 364 5430 l

449 4344 654 4419 rnnlnrtahit
675 4368 770 4418 eum.

708 4465 860 4534 Secreta.

514 4588 661 4640 menum
697 4566 773 4638 Filii
810 4568 872 4652 tui,
909 4590 1014 4665 quam
1046 4568 1119 4654 tihi,

449 4590 511 4751 U
537 4674 632 4746 Deus
645 4672 748 4745 Pater
760 4674 991 4769 omnipotens,
1008 4674 1044 4746 in
1060 4675 1123 4747 hc

450 4779 568 4853 ndrem
582 4780 783 4853 sanctirum
794 4779 1002 4852 Pontificum
1013 4780 1124 4854 nlldri-

360 4971 363 4982 ,
450 4908 538 4973 mus,
557 4886 817 4960 immaculhtam
836 4887 998 4971 hdstiam,
1015 4889 1125 4984 prosit

452 4992 548 5067 nohis
578 4993 620 5066 ad
652 4993 821 5067 medelam
849 4994 1120 5091 percipiendam.

450 5100 513 5174 Per
537 5101 740 5174 deinum.

496 5204 615 5281 Altera
640 5211 780 5280 Secreta
806 5204 1009 5279 Dominicoe.

362 5319 370 5354 ''
496 5312 713 5387 Cnmmrmiu.
744 5309 872 5383 Psnlm.
903 5312 962 5385 88.
992 5312 1125 5385 Veritas

361 5441 364 5478 ι
403 5469 407 5490 .
452 5440 539 5505 mea,
555 5418 1121 5514 etmisericdrdiameacumipsn:

359 5637 363 5722 l

451 5526 531 5647 etin
548 5525 691 5600 ndmine
703 5546 782 5598 men
794 5522 1001 5598 eraltdbitur
1013 5547 1123 5599 cornu

449 5656 533 5729 olm·
640 5739 933 5813 Postcnmmunin.

515 5870 551 5926 n.
566 5868 770 5943 quesumus
784 5845 946 5936 himine,
964 5844 1125 5919 fidelihus

541 5950 679 6051 pdpulis
695 5953 894 6026 sanctdrnm
913 5952 1124 6066 Pontificum

1228 1259 1369 1332 tudrum
1388 1279 1524 1354 semper
1543 1259 1763 1332 veneratidne
1775 1258 1901 1343 deliri,

1227 1371 1263 1438 et
1290 1364 1413 1437 edrum
1451 1367 1617 1460 perpetua
1652 1364 1903 1462 supplicatidnc

1227 1470 1369 1542 muniri.
1388 1470 1454 1542 Par
1469 1470 1670 1544 deinum.

1274 1573 1359 1648 Alia
1374 1581 1584 1650 Pnstcnmm.
1603 1581 1738 1650 Dmsin.
1760 1599 1898 1650 occurr.

1275 1681 1899 1782 qlnfinelrpitdiucepejusdhnm.

1227 1903 1384 1954 nomrtlcn
1392 1903 1898 1955 PosTocTAV.nssuuPr.n.u.v.
1983 1913 1988 1919 ‘

1485 2025 1519 2076 ur
1545 2025 1645 2077 rasrn

1251 2124 1471 2201 PURlSSlhll
1495 2124 1655 2199 connis
1685 2125 1725 2198 Β.
1758 2127 1804 2202 ll.
1832 2126 1874 2198 V.

1358 2250 1535 2324 innuitur.
1556 2248 1686 2324 Psnlm.
1709 2255 1769 2324 tl.

1335 2405 1414 2456 unns
1432 2383 1543 2482 gldria
1559 2383 1634 2479 ejus
1648 2381 1731 2455 lilim
1745 2383 1846 2482 Regis
1859 2383 1902 2457 ah

1225 2403 1333 2685 O
1360 2489 1464 2578 intus,
1490 2489 1524 2560 in
1544 2487 1690 2562 limbriis
1708 2489 1821 2561 iureis
1837 2489 1903 2562 cir-

1359 2599 1565 2670 cumamicta
1585 2595 1827 2672 varietdtihus:
1846 2597 1903 2670 ad·

1226 2705 1399 2779 ducentur
1424 2705 1510 2802 Regi
1539 2705 1685 2804 virgines
1709 2711 1899 2801 paeleum,

1226 2809 1899 2907 prdrimaeejusalierenturtihi.Psulm.

1228 2918 1279 2992 lb.
1295 2919 1471 2992 Eructdvit
1483 2918 1551 2992 Cur
1561 2941 1678 2991 meum
1691 2919 1831 2992 verbum
1842 2917 1903 2991 bo-

1228 3047 1314 3097 nurn
1341 3053 1348 3096 :
1378 3024 1455 3098 dico
1481 3047 1544 3122 ego
1571 3026 1676 3122 dpere
1703 3047 1780 3099 mea
1802 3024 1899 3123 Regi.

1226 3135 1263 3211 l·
1282 3129 1401 3205 Gldria
1418 3131 1524 3204 Patri.

1498 3245 1631 3318 Oratio.

1295 3383 1479 3436 unrrorans
1497 3363 1705 3458 sempiterne
1719 3361 1823 3448 Deus,
1842 3357 1901 3458 qul

1226 3385 1295 3548 Ο
1320 3471 1354 3541 in
1373 3467 1484 3543 Corde
1499 3467 1606 3541 bedtae
1623 3469 1739 3540 lllarioe
1752 3467 1902 3566 Virginis

1226 3575 1370 3675 dignum
1386 3574 1534 3671 Spiritus
1545 3573 1653 3647 sancti
1665 3572 1901 3647 habitaculum

1225 3682 1440 3780 prapardsti,
1470 3680 1621 3753 concede
1648 3680 1831 3775 propitius:
1863 3688 1902 3753 ut

1226 3788 1383 3885 ejdsdem
1402 3786 1578 3860 Purissimi
1601 3786 1721 3859 Cordis
1745 3785 1902 3860 testivitat-

1224 3902 1295 3968 tem
1323 3892 1447 3967 devita
1475 3900 1591 3965 mente
1618 3891 1822 3979 recolentes,
1851 3914 1903 3966 se

1226 3999 1381 4074 cirndum
1395 4000 1463 4073 Cor
1474 4006 1573 4072 tuum
1586 4000 1700 4071 viuere
1711 3996 1898 4071 valeamus.

1225 4107 1293 4180 Per
1309 4106 1511 4180 deinum.
1530 4106 1569 4177 ln
1583 4105 1715 4178 unitdte
1729 4104 1897 4201 ejdsdem.

1275 4219 1898 4293 Commemllnminiraeoccurrentis.

1225 4338 1342 4411 Lecto
1363 4336 1441 4409 libri
1464 4334 1663 4432 sapientie.
1692 4338 1792 4409 Cant.
1815 4340 1850 4410 8.

1287 4476 1353 4527 nun
1366 4476 1422 4527 me
1436 4460 1476 4527 ut
1490 4452 1708 4551 signdculum
1721 4450 1904 4547 supeanr

1226 4478 1426 4649 plnum,
1468 4569 1507 4633 ut
1545 4560 1762 4659 signdculum
1801 4582 1904 4655 super

1226 4666 1408 4740 brachium
1428 4674 1529 4739 tuum
1553 4696 1559 4737 :
1583 4668 1665 4763 quia
1683 4665 1781 4738 fortis
1796 4674 1846 4736 est
1865 4674 1903 4737 ut

1226 4798 1321 4847 murs
1344 4774 1495 4857 dilectio,
1521 4773 1609 4845 dura
1635 4772 1723 4843 sicut
1749 4771 1904 4843 inldrnus

1227 4878 1404 4951 aemuldtin
1416 4906 1424 4949 ι
1438 4875 1615 4973 lampades
1624 4877 1712 4971 ejus,
1727 4872 1904 4969 ldmpades

1227 4986 1315 5082 ignis
1325 4993 1429 5081 atque
1443 4983 1679 5056 llammdrum.
1693 4980 1802 5076 Aquae
1816 4979 1904 5052 mul·

1228 5100 1272 5165 tae
1285 5114 1356 5165 nnn
1371 5090 1768 5187 potudruntexllnguere
1785 5087 1905 5159 suntd-

1229 5212 1313 5289 tem,
1330 5224 1395 5275 nec
1408 5201 1556 5275 ssdmina
1570 5202 1717 5275 dhruent
1732 5199 1828 5273 illam
1846 5228 1854 5271 :
1875 5200 1904 5273 si

1228 5310 1362 5384 dederit
1385 5310 1492 5383 homo
1515 5330 1655 5382 omnem
1678 5306 1904 5380 substdnliam

1228 5418 1354 5492 dnmus
1383 5440 1455 5491 suae
1482 5439 1546 5515 pro
1574 5414 1772 5501 dilectidne‚
1806 5414 1904 5512 qnasi

1229 5523 1319 5597 nihil
1333 5522 1497 5621 despiciet
1511 5546 1602 5599 eam.

1277 5628 1463 5705 Gruduule.
1480 5634 1566 5729 Sap.
1586 5636 1620 5703 7.
1637 5628 1731 5702 Nihil
1748 5626 1905 5723 inquind-

1230 5749 1304 5815 tum
1331 5740 1366 5813 in
1392 5760 1471 5813 eam
1497 5738 1671 5813 incurrit:
1699 5733 1830 5809 candor
1853 5742 1905 5810 est

1228 5849 1314 5923 lucis
1345 5852 1498 5936 mlernae,
1537 5854 1572 5921 et
1608 5842 1789 5941 sphurlum
1831 5842 1905 5917 sine

1228 5956 1366 6031 micula
1394 5954 1457 6029 nei
1492 5952 1692 6049 majestatis,
1725 5956 1760 6025 et
1788 5949 1903 6047 imigu

357 6087 366 6242 p
400 6057 1950 6169 l--—--·-—.-—-.--

357 6237 2002 6279 W
