5325 7200
652 1047 719 1119 Die
736 1047 815 1144 xiij.
831 1046 1077 1148 Septembris.
1101 1048 1141 1119 S.
1155 1047 1295 1120 Amati.

289 1187 364 1258 rico
377 1187 568 1286 sapienti,
588 1190 653 1288 qui
666 1187 865 1264 aedificovit
881 1191 951 1265 do-

290 1309 391 1358 mum
423 1311 541 1361 suern
576 1314 690 1388 supra
717 1301 879 1388 petram.
917 1291 953 1371 t.

291 1385 439 1460 timorit
472 1413 569 1461 eum
603 1389 784 1463 Dominus
816 1405 856 1465 et
881 1417 952 1465 or-

293 1486 394 1558 novit
410 1509 522 1560 eum.
543 1499 582 1583 rt.
597 1488 740 1562 Stolam
757 1490 886 1590 gloriae
903 1489 953 1564 in·

292 1582 375 1659 duit
390 1608 500 1660 eum.

353 1687 437 1760 litt-2
462 1687 552 1762 ΧΗ.
583 1688 889 1765 SEPTEMBRIS.

393 1785 445 1858 De
465 1783 615 1857 Octava
627 1785 852 1863 Natiuitatis.

494 1883 751 1983 semiduplex.

348 1982 415 2057 Vos
447 1982 578 2058 ‚dese
610 2035 636 2076 .,
653 2009 751 2060 comt
773 1987 857 2062 Oct.

344 2009 443 2156 llll!p
455 2083 561 2157 Xlll.
620 2084 900 2160 EPTEMBRIS.

367 2187 405 2256 S.
425 2183 571 2270 Annali,
587 2181 685 2256 Abb.
703 2197 740 2259 et
754 2187 863 2262 Conf.

545 2283 707 2382 Duplex.

343 2383 481 2452 ttrnnia
520 2379 569 2455 de
613 2385 812 2480 Communi
838 2389 948 2464 Conft

302 2506 367 2552 tion
382 2483 496 2554 Pont.
513 2495 651 2578 praeter
666 2506 745 2581 seq.

343 2583 381 2652 tn
413 2583 439 2677 j.
475 2579 667 2680 vesperis.
712 2585 895 2684 Hymnus.

367 2701 477 2765 nnn,
496 2675 664 2751 natsilem
682 2675 838 2750 domurn

301 2814 322 2860 r
380 2777 520 2854 adnue
537 2801 633 2875 puer
649 2775 741 2850 dum
759 2776 913 2870 de'seris,

299 2877 472 2952 Claustris
487 2877 531 2950 in
547 2876 831 2975 Agaune'nsiurn

301 2975 386 3050 tttae
401 2976 578 3075 supernae
595 2975 771 3050 nosceris.

303 3075 475 3150 tteclosus
492 3074 642 3148 excelso
659 3099 783 3195 specu,

301 3175 423 3248 liundi
442 3174 630 3276 procollas
644 3173 805 3272 despicis
825 3203 835 3245 ι

300 3275 464 3374 Totoque
479 3274 622 3348 mentis
638 3274 783 3372 impetu

302 3373 403 3448 Coelis
419 3373 745 3474 amorejtingeris.

305 3477 348 3546 lte
362 3499 454 3574 rupe
471 3473 577 3549 cellae
593 3472 777 3571 proxima,

302 3572 406 3673 Virga
422 3574 581 3674 potonte
600 3597 715 3671 quarn
731 3573 837 3665 feris,

303 3673 441 3748 virute
453 3674 570 3748 Mosis
587 3672 700 3746 insita

303 3772 417 3871 Aquas
435 3774 626 3873 perennes
643 3772 757 3846 olicis.

305 3875 350 3945 ie
364 3873 562 3948 delitescat
581 3870 757 3945 omnibus

306 3970 465 4046 Lucc'rna
479 3970 685 4072 splendens
700 3970 852 4070 singulo,

306 4071 486 4146 Eustisius
502 4070 758 4171 pertronsiens

306 4170 471 4245 Prodircit
486 4169 590 4244 hanc
605 4168 782 4243 Luxovio.

308 4270 393 4343 ilinc
405 4270 646 4344 Romaricum
665 4267 894 4366 Principem

306 4366 357 4439 tte
372 4371 534 4445 vanitote
550 4368 674 4443 saeculi

308 4466 362 4538 :ld
375 4470 582 4543 sanctitatis
594 4468 786 4541 trimitem

308 4566 475 4642 Tradricis
491 4582 575 4643 arte
587 4566 718 4640 nobili.

311 4672 381 4740 neo
395 4669 495 4741 Patri
510 4669 561 4741 sit
577 4666 709 4765 gloria,

306 4764 455 4866 Ejirsque
471 4766 542 4841 soli
558 4766 666 4851 Filio,

312 4866 395 4939 Cum
410 4866 552 4966 Spiritu
571 4864 769 4955 Paroclito,

312 4964 348 5037 ln
361 4966 588 5067 sempitorn‘a
604 4962 752 5039 saeeola.
773 4959 907 5035 Amen.

356 5066 472 5142 Oratio
486 5083 532 5143 ut
554 5069 599 5141 ad
627 5069 783 5144 Laudes.

354 5166 451 5239 Corn.
478 5168 566 5241 Oct.
595 5170 818 5243 Nativitatis.

357 5264 405 5337 td
426 5269 560 5343 Matut.
580 5271 761 5370 Hymnus.
778 5264 916 5343 limite
936 5324 945 5360 ,

314 5376 349 5435 ot
363 5368 395 5437 in
413 5368 436 5461 i.
458 5368 572 5467 Vesp.

358 5466 393 5537 ln
421 5468 449 5561 j.
484 5468 677 5542 Nocturno
715 5470 940 5560 Lectiones,

316 5563 423 5635 tutus
438 5559 467 5637 si
480 5576 617 5656 morte,
634 5580 678 5642 ut
691 5569 730 5642 in
742 5572 942 5645 Communi

318 5661 413 5733 tsonl.
433 5688 508 5741 iton
523 5670 633 5742 Post.
649 5671 679 5763 j.
701 5668 809 5743 loco.¹

360 5782 499 5835 torono.
521 5788 551 5841 s.
566 5788 724 5843 oronam.

1595 1055 1643 1124 li

1090 1185 1132 1260 ln
1150 1184 1316 1260 secundo
1328 1183 1538 1263 Nocturno.

1211 1285 1339 1362 Lectio
1365 1287 1414 1358 iv.

989 1400 1197 1569 Aneros,
1217 1387 1476 1488 Gratianopoli
1502 1388 1639 1462 nobili·

1078 1485 1149 1560 bus
1173 1500 1212 1561 et
1227 1489 1403 1586 piissimis
1421 1488 1638 1586 parontibus

990 1599 1123 1672 natus,
1156 1586 1282 1660 adhuc
1314 1587 1532 1660 adoloscens
1561 1591 1639 1662 Deo

989 1685 1382 1786 sanctoqueMauricio
1398 1686 1499 1786 apud
1513 1685 1638 1786 Agon-

988 1807 1079 1857 num
1098 1811 1122 1858 a
1139 1801 1247 1885 patre
1263 1785 1467 1859 Heliodoro
1489 1784 1637 1861 oblitus

988 1897 1056 1957 est.
1082 1883 1137 1958 lbi
1155 1886 1272 1959 vitam
1297 1883 1484 1984 professus
1501 1887 1638 1960 mono-

988 1984 1133 2076 stiuam,
1150 2009 1237 2058 cum
1251 1982 1407 2104 triginta
1422 1983 1501 2058 fere
1518 2009 1637 2059 annos

988 2082 1028 2153 in
1045 2083 1217 2158 coenobio
1234 2083 1386 2185 egregia
1398 2083 1545 2158 virtritis
1559 2084 1637 2157 lau·

988 2180 1048 2272 de,
1062 2207 1130 2256 exe
1157 2183 1262 2276 sset,
1281 2184 1323 2255 in
1341 2196 1493 2257 antrum
1511 2207 1550 2257 se
1568 2183 1636 2256 ob-

988 2279 1111 2374 didit,
1131 2208 1235 2356 ffaud
1247 2281 1386 2382 procul
1404 2306 1428 2356 a
1444 2284 1637 2356 monosto-

988 2380 1070 2472 rio,
1097 2405 1142 2456 ac
1167 2407 1264 2482 pene
1286 2381 1532 2456 inaccossum.
1554 2381 1636 2476 Qua

986 2479 1027 2552 in
1044 2481 1172 2554 eremo
1186 2505 1284 2581 pane
1301 2493 1450 2554 tantum
1469 2479 1630 2556 hordeo-

986 2602 1054 2652 ceo
1087 2595 1127 2654 et
1155 2605 1255 2682 aque
1286 2579 1488 2668 victitans,
1522 2579 1634 2654 nudis

986 2677 1155 2776 podibus,
1175 2694 1277 2754 veste
1289 2691 1400 2753 utens
1417 2705 1461 2753 er
1477 2678 1635 2777 pollibus
1689 2755 1694 2764 ,

986 2779 1185 2852 vervecum
1199 2777 1389 2864 contorte,
1399 2778 1532 2852 divtnae
1546 2801 1633 2854 con-

985 2879 1239 2976 templationis
1281 2873 1540 2952 assiduitotem
1580 2875 1632 2952 la·

985 2975 1073 3049 bore
1087 2979 1269 3052 monuum
1284 2975 1632 3075 temperobat.Curn

983 3090 1221 3151 autemeam
1253 3077 1429 3152 collulam
1470 3077 1632 3150 triennio

919 3262 933 3274 .
984 3175 1243 3259 inhabiu‘sser,
1264 3189 1434 3250 asancto
1459 3177 1633 3250 Eustosio

981 3274 1139 3368 Abbote,
1160 3278 1249 3350 illuc
1267 3277 1498 3365 transeonte,
1514 3275 1633 3349 Luxo-

981 3376 1083 3448 vium
1098 3376 1284 3450 addoctus
1298 3389 1367 3449 est.
1385 3373 1493 3446 Haud
1511 3375 1633 3448 multo

982 3487 1066 3647 post
1081 3475 1129 3548 ad
1155 3474 1436 3575 praedicondum
1455 3475 1524 3547 Dei
1545 3499 1633 3548 ver·-

1010 3600 1073 3647 um
1103 3575 1145 3648 in
1173 3574 1404 3649 Austrosiam
1435 3573 1628 3665 emissus,

982 3698 1068 3748 curn
1087 3674 1135 3747 ad
1148 3676 1405 3761 Romoricum,
1421 3673 1551 3773 primae
1564 3699 1633 3746 no-

982 3773 1137 3848 bilitaitis
1162 3774 1411 3872 maximaeque
1436 3772 1538 3870 apud
1562 3774 1631 3847 tte·

981 3898 1066 3987 gem
1082 3874 1211 3973 grotiae
1227 3874 1351 3946 virum
1365 3928 1374 3962 ,
1390 3871 1603 3947 divertisset
1619 3930 1628 3963 ,
1713 3925 1717 3933 -

983 3972 1020 4045 n
1039 3946 1164 4046 edan
1181 3986 1225 4046 ut
1242 3971 1344 4072 quoa
1362 3970 1425 4043 ne
1438 3971 1519 4069 jam
1539 3972 1631 4045 oum

982 4072 1108 4145 inimo
1121 4070 1407 4169 concoperatoe
1420 4070 1632 4145 abdieondo

981 4170 1142 4262 saeculo,
1169 4171 1324 4244 tandem
1343 4168 1568 4269 parturiret,
1588 4194 1633 4244 ac

983 4270 1137 4345 Luxovii
1156 4294 1177 4343 e
1195 4271 1313 4343 sancti
1330 4266 1552 4343 Columbini
1571 4270 1632 4344 re'·

981 4371 1073 4475 gula
1086 4368 1293 4445 Monachus
1309 4369 1431 4443 fieret.

1214 4474 1339 4545 Lectio
1358 4496 1393 4544 r.

1068 4594 1153 4643 sren
1170 4567 1354 4662 Amaitus,
1381 4592 1467 4643 curn
1494 4566 1634 4645 Romo-

979 4589 1137 4759 porico
1155 4692 1176 4743 e
1195 4668 1363 4741 Luxinio
1382 4669 1573 4771 egrossoS,
1593 4666 1631 4739 in

982 4766 1096 4867 hujus
1134 4768 1255 4841 fundo
1285 4824 1293 4857 ,
1339 4768 1404 4866 qui
1444 4766 1634 4843 Romorici

983 4890 1091 4940 mons
1104 4866 1340 4967 appellitur,
1361 4866 1633 4941 monastorium

983 4966 1194 5065 puellorum
1213 4965 1396 5057 condidit,
1416 4967 1476 5039 cui
1495 4966 1636 5038 Macte-

984 5066 1145 5159 ilodem,
1165 5064 1311 5140 eximiae
1328 5065 1538 5139 sanctitotis
1554 5065 1636 5137 Mo·
1675 5136 1680 5149 ,

984 5166 1135 5257 uirilem,
1151 5165 1307 5239 Amotus
1324 5164 1502 5261 praeficit.
1522 5162 1637 5236 Exin-

983 5265 1031 5341 de
1057 5265 1098 5338 in
1119 5279 1285 5340 castrum
1312 5262 1562 5356 Habondum,
1582 5262 1632 5337 ab

984 5364 1182 5461 hominum
1196 5362 1411 5463 frequentia
1430 5362 1630 5453 remotum,

984 5489 1123 5539 novum
1166 5462 1375 5565 puellorum
1431 5462 1630 5565 collogium

983 5563 1160 5655 dedoxit;
1180 5564 1321 5662 ibique,
1342 5558 1545 5660 adjuva'nte
1559 5563 1630 5634 Do-

985 5666 1113 5757 mino,
1134 5662 1262 5736 multis
1278 5662 1443 5737 collectis
1461 5660 1629 5761 Virgini-
