5325 7200
1051 806 1122 887 Die
1141 834 1201 887 ur.
1226 810 1439 893 lehruarii.

383 950 584 1052 passienis
617 950 789 1033 fructum
816 950 1021 1054 percipere
1059 956 1208 1035 mereri·

384 1080 487 1137 mur.
520 1060 600 1159 Qui
626 1060 725 1157 riuis
752 1066 791 1139 ιι
817 1081 969 1161 regnas.

387 1166 518 1248 lectio
546 1167 737 1269 Epistolae
765 1166 871 1245 hetti
902 1165 1012 1245 Pauli
1028 1164 1210 1268 Apestoli

543 1273 920 1357 oeconomicon
951 1306 984 1361 c.
1017 1290 1048 1360 l.

388 1404 578 1571 lpnurnas
612 1408 621 1459 ι
666 1380 747 1461 Nos
779 1389 910 1461 autem
944 1379 1211 1483 predicemus

451 1489 658 1569 Christum
677 1489 913 1569 crucifixum
929 1518 937 1566 :
955 1488 977 1568 J
982 1489 1109 1571 ndaeis
1126 1492 1213 1592 qui·

389 1592 479 1675 dem
494 1596 742 1693 scendalum,
758 1596 952 1676 Gentibus
970 1606 1102 1676 autem
1118 1597 1213 1677 stul-

390 1702 545 1781 titiam:
573 1703 672 1805 ipsis
697 1712 829 1783 autem
856 1703 1007 1783 vocetis
1033 1704 1184 1791 Judaeis
1198 1762 1210 1803 ,

390 1818 509 1913 atque
546 1811 722 1909 Graecia,
750 1812 953 1893 Christum
989 1812 1062 1891 Dei
1088 1812 1214 1892 virtri-

390 1926 492 2015 tem‚
521 1926 562 1999 et
587 1918 660 1998 Dei
687 1918 925 2022 sapientiam
952 1946 960 1997 :
988 1920 1083 2022 quia
1102 1918 1214 2022 quod

390 2026 557 2105 stultum
585 2034 646 2105 cst
680 2027 786 2125 Dei,
813 2026 1032 2128 sapientius
1059 2036 1118 2107 est
1143 2029 1214 2107 ho-

394 2133 573 2215 minibus
593 2162 604 2214 r
641 2142 681 2213 ιι
705 2135 817 2237 quod
837 2132 1043 2213 inflrmum
1062 2144 1121 2214 est
1139 2136 1213 2215 Dei

390 2240 536 2320 tertius
562 2250 624 2322 est
649 2241 895 2323 hominibus.
940 2240 1080 2320 Videte
1105 2242 1212 2322 enim

390 2349 640 2429 uocatienem
678 2356 877 2445 vestram,
920 2348 1085 2446 iratres,
1120 2350 1214 2452 quia

391 2476 469 2532 non
510 2458 623 2537 multi
652 2456 852 2559 sapientes
881 2454 1100 2535 secundum
1130 2480 1215 2535 ear-

390 2582 495 2660 nem,
508 2586 589 2645 non
604 2566 718 2645 multi
734 2564 1010 2666 potentesnon
1023 2564 1215 2645 multine·

390 2668 521 2749 biles:
551 2674 623 2755 sed
653 2696 744 2776 quae
773 2672 893 2752 stulta
921 2682 1015 2751 sunt
1045 2673 1214 2771 mundi,

390 2776 508 2880 elegit
535 2780 665 2879 Deus,
692 2788 736 2860 ιιι
754 2780 971 2860 ιοιιιιιιιιιιι
988 2780 1212 2883 sapientes:

390 2898 430 2963 et
446 2886 608 2967 intirma
625 2886 765 2968 mundi
784 2889 900 2990 elegit
918 2889 1041 2984 Deus,
1063 2896 1105 2967 ut
1123 2912 1215 2969 con·

392 2992 533 3075 scindat
550 2995 667 3077 tertia
684 3026 692 3075 :
712 3004 751 3074 et
769 2994 963 3098 ignobilia
984 2995 1147 3092 mundi,
1176 3006 1215 3075 et

391 3104 709 3207 contemptibilia
727 3103 844 3207 elegit
861 3103 988 3198 Deus,
1008 3111 1047 3181 ιι
1064 3126 1110 3181 ea
1125 3127 1215 3205 quoe

392 3230 472 3287 non
485 3218 643 3307 suntet
656 3232 802 3312 eaque
820 3209 1216 3302 sunt‚destrrleret:ut

394 3339 472 3396 non
486 3318 677 3421 glorietur
691 3318 822 3399 omnis
836 3340 929 3397 caro
944 3317 983 3394 in
997 3317 1216 3419 conspectu

391 3426 487 3525 ejus.
517 3426 574 3503 Ex
592 3426 680 3527 ipso
699 3432 830 3505 autem
844 3446 914 3505 uos
933 3424 1027 3503 estis
1041 3424 1082 3501 in
1100 3424 1216 3503 Chri-

392 3540 454 3611 sto
473 3532 589 3631 lesu,
609 3533 679 3636 qui
699 3532 827 3612 lactus
846 3540 907 3611 est
923 3530 1042 3610 nobis
1059 3530 1216 3633 sapien·

397 3639 451 3717 tia
469 3662 493 3718 a
510 3641 608 3739 Deo,
625 3651 664 3720 ιι
673 3639 848 3738 justitia,
883 3647 922 3718 ιι
940 3639 1215 3736 sanctificetio,

392 3747 430 3824 ιι
471 3747 696 3850 redemptio
729 3777 737 3826 :
766 3755 836 3837 ιιι,
873 3745 1215 3848 quemedmcdum

392 3853 587 3956 scriptum
612 3863 673 3934 est
694 3883 703 3928 ε
726 3853 812 3954 1Ωιιι
838 3853 1045 3956 glorietur,
1075 3854 1116 3931 in
1137 3851 1217 3932 De-

391 3961 502 4042 mino
521 3961 722 4066 glorietur.
834 4054 835 4057 Ν

437 4076 651 4158 Gruduale.
695 4080 821 4162 Galat.
864 4086 901 4160 a.
948 4067 1045 4160 tlibi
1079 4075 1213 4148 aulem

391 4177 496 4257 absit
518 4176 706 4280 glorieri,
730 4175 808 4256 nisi
831 4175 870 4254 in
901 4197 1020 4255 cruce
1049 4175 1212 4256 Demini

395 4287 522 4366 nostri
552 4285 649 4366 Jesu
685 4284 856 4364 Christi:
875 4305 950 4386 per
974 4305 1095 4386 quem
1116 4283 1214 4362 ιιιιιιι

394 4392 568 4474 mundus
585 4393 802 4473 crucifixus
820 4405 892 4488 cst,
908 4399 947 4472 ιι
962 4413 1036 4494 ego
1052 4390 1214 4470 mundo.

390 4508 425 4602 l.
467 4510 560 4612 Sap,
595 4517 627 4591 7,
649 4499 813 4604 opteri,
832 4508 872 4579 et
888 4500 1005 4578 datus
1022 4505 1082 4578 est
1118 4497 1216 4575 milri

390 4631 557 4688 sensus:
591 4617 630 4690 et
661 4607 860 4704 invocevi,
887 4617 926 4687 et
946 4607 1054 4688 uenit
1084 4606 1125 4708 in
1153 4627 1216 4684 me

390 4715 554 4818 spiritus
573 4717 778 4819 sapientire
796 4741 805 4791 :
825 4723 863 4794 et
879 4713 1082 4817 praepesui
1106 4713 1215 4790 illam

392 4821 523 4925 regnis
557 4831 596 4901 et
629 4822 809 4920 sedibus,
844 4831 884 4900 el
919 4820 1077 4900 divitias
1114 4819 1216 4898 nihil

390 4951 477 5008 esse
495 4929 590 5007 duxi
609 4930 649 5008 in
668 4929 966 5033 comparatiene
986 4927 1106 5008 illiue.

438 5037 633 5134 Attaleia,
651 5039 822 5119 allelluia.
837 5057 873 5147 p,
896 5055 1022 5136 Galat,
1045 5059 1078 5134 ιι,
1116 5035 1218 5134 Qui·

390 5146 562 5251 cumque
579 5149 681 5226 hanc
699 5147 876 5252 regulam
907 5144 1031 5225 secirti
1052 5143 1210 5241 fierint,

391 5275 467 5439 pas
480 5278 601 5358 super
616 5255 719 5353 illos,
737 5265 776 5335 et
794 5255 1079 5335 misericerdia.
1112 5253 1217 5332 Alle-

409 5386 495 5442 ura.

417 5481 539 5607 nl‘ost
557 5485 918 5590 septuagesimam,
945 5471 1219 5571 arnissiselle·

392 5583 538 5668 lumel
564 5594 600 5680 i·
627 5597 825 5698 sequenti,
858 5597 1007 5678 elicitur
1031 5604 1210 5680 Tractus

395 5697 455 5776 l's.
481 5705 561 5778 ιιι.
582 5693 808 5780 Effendoin
824 5689 1216 5795 conspectullemini

392 5799 614 5882 orutienem
650 5825 778 5881 meam
807 5829 815 5878 :
848 5809 887 5880 et
913 5799 1212 5880 tribuletienem

392 5933 522 5990 meam
541 5919 634 5989 ante
654 5909 785 6012 ipsum
803 5906 1032 6012 pronirntio.
1053 5929 1087 6022 p,
1127 5927 1209 6004 pqr.

392 6017 461 6124 lip.
484 6016 852 6122 l.lllagnilicebitur
870 6015 1050 6097 Christus
1067 6015 1108 6092 in
1127 6013 1216 6094 cor·

390 6145 489 6226 'pore
515 6147 620 6226 meo,
653 6125 735 6206 siue
761 6124 1001 6230 pervitam,
1032 6124 1114 6206 sivo
1144 6145 1216 6225 per

1294 964 1476 1039 mortem.
1512 966 1548 1058 ι.
1583 965 1620 1039 tl.
1650 962 1820 1041 'lintella
1848 968 1885 1041 t.
1922 953 2121 1034 Deminus

1294 1068 1395 1146 milri
1412 1064 1552 1162 estitit,
1570 1070 1611 1144 ιι
1627 1062 1866 1145 confortevit
1882 1084 1966 1160 me,
1986 1069 2029 1141 ut
2045 1086 2118 1165 per

1295 1199 1360 1255 me
1386 1172 1623 1277 praedicetio
1650 1172 1884 1274 impleetur,
1901 1170 2122 1251 eteudiant

1296 1284 1451 1364 Gentes.

1343 1395 1478 1495 lamp.
1513 1394 1650 1473 Pascit.
1685 1395 1880 1474 omittitur
1902 1395 2113 1489 tirmlurrle,

1294 1516 1333 1581 ct
1351 1506 1435 1602 ejus
1454 1503 1542 1583 loeo
1561 1502 1707 1583 dicitur
1724 1533 1732 1581 ε
1752 1491 1933 1591 Alleluia,
1947 1492 2119 1575 allelt'lie·

1294 1616 1327 1703 ι.
1349 1612 1478 1694 Coloe.
1493 1617 1527 1690 5.
1545 1602 1697 1683 Mertui
1714 1602 1828 1699 estis,
1845 1610 1885 1681 et
1897 1602 1977 1681 rita
1990 1610 2122 1682 uestra

1295 1720 1357 1793 est
1383 1710 1620 1791 abscendito
1649 1732 1741 1788 cum
1767 1709 1926 1788 Christo
1957 1708 1999 1786 in
2020 1708 2119 1788 Deo.

1294 1820 1518 1907 Alleluiae.
1532 1819 1668 1917 Quum
1683 1817 1864 1898 Christus
1878 1815 2119 1919 apparrierit,

1296 1930 1376 2009 vita
1403 1934 1557 2018 vestrm
1587 1934 1684 2003 tunc
1711 1934 1750 2004 et
1774 1946 1845 2003 ros
1875 1922 2120 2026 apparebitis

1298 2059 1390 2115 cum
1405 2035 1494 2137 ipso
1513 2034 1553 2111 in
1568 2032 1708 2135 gleria
1723 2030 1905 2111 Alleluia.

1293 2141 1509 2245 Sequentia
1526 2140 1653 2219 sancti
1673 2138 1875 2242 Evangelii
1895 2135 2117 2217 secundum

1551 2248 1764 2338 became,
1793 2263 1847 2336 ιο,

1293 2382 1357 2551 Iu
1374 2357 1444 2437 illo
1458 2357 1655 2458 ternpore:
1671 2352 1902 2456 Designerit
1921 2350 2118 2432 Deminus

1353 2474 1394 2545 ιι
1410 2464 1511 2543 elios
1535 2461 1783 2564 septuaginta
1800 2459 1928 2539 duos:
1949 2468 1989 2538 ιι
2007 2459 2118 2537 misit

1297 2571 1389 2651 illos
1407 2571 1524 2649 binos
1542 2578 1633 2647 ante
1654 2568 1796 2647 ficiem
1817 2589 1949 2664 suam,
1976 2566 2117 2645 inom-

1297 2701 1387 2757 nem
1406 2676 1603 2757 ciritetem
1621 2684 1662 2755 et
1678 2674 1824 2772 locum,
1838 2696 1919 2776 quo
1937 2680 2022 2752 erat
2035 2672 2121 2775 ipso

1296 2786 1500 2865 venterus.
1523 2785 1572 2863 Et
1589 2782 1749 2861 dicebat
1762 2782 1863 2859 illis:
1880 2780 2020 2859 tressis
2035 2780 2122 2881 qui·

1297 2896 1390 2975 dem
1421 2893 1566 2987 multa,
1594 2890 1771 2993 opererii
1812 2897 1947 2967 autem
1989 2888 2119 2991 pauci.

1298 2998 1446 3105 Rogete
1464 3023 1558 3103 ergo
1577 2998 1787 3079 deminum
1807 2996 1963 3093 messis,
1975 3004 2020 3073 nt
2033 2994 2123 3075 mit·

1297 3116 1355 3188 tat
1385 3107 1591 3211 opererios
1623 3106 1664 3183 in
1688 3127 1860 3183 messem
1876 3124 2001 3183 suam.
2030 3102 2116 3181 lte:

1297 3240 1390 3297 ecce
1413 3238 1487 3318 ego
1510 3213 1624 3292 mitto
1650 3233 1722 3291 ros
1747 3212 1851 3290 sicut
1876 3232 2000 3314 agnos
2020 3209 2124 3289 inter

1297 3325 1426 3425 lupos.
1447 3320 1577 3399 Nollte
1592 3318 2121 3421 porteresecculumneque

1298 3452 1454 3535 peram,
1479 3451 1610 3529 neque
1636 3425 1925 3520 calceamenta,
1941 3433 1980 3502 et
1996 3423 2122 3502 nemi·

1299 3560 1391 3618 nem
1408 3559 1480 3640 per
1496 3535 1602 3616 riam
1624 3530 1898 3612 salutaveritis.
1919 3530 1965 3610 ln
1983 3552 2122 3633 quam·

1298 3645 1469 3748 clamque
1488 3642 1653 3721 domurn
1669 3638 1927 3735 intraveritis,
1945 3638 2119 3740 primurn

1298 3752 1442 3849 dicite,
1461 3751 1542 3828 Pau
1558 3749 1654 3828 huic
1672 3745 1835 3828 domui:
1854 3753 1894 3824 et
1913 3744 1947 3824 si
1961 3743 2018 3821 ibi
2036 3743 2122 3823 irie-

1298 3863 1350 3939 rit
1367 3858 1475 3938 lilius
1491 3855 1614 3959 pacis,
1635 3854 1857 3956 requiescet
1869 3874 1992 3954 super
2005 3849 2122 3930 illum

1298 3975 1537 4078 pertesum
1555 3963 1616 4043 sin
1636 3973 1783 4059 autem,
1801 3957 1854 4038 ad
1867 3981 1937 4040 vos
1952 3957 2123 4038 reverte-

1298 4087 1374 4155 tur.
1402 4074 1446 4151 ln
1469 4071 1609 4152 eedem
1636 4079 1769 4150 autem
1796 4069 1919 4148 domo
1948 4065 2123 4163 manete,

1298 4181 1463 4262 edentes
1487 4189 1527 4259 et
1557 4178 1760 4274 bibentes,
1788 4199 1879 4278 quae
1905 4173 2015 4276 apud
2031 4171 2123 4250 illos

1298 4299 1415 4372 sunt:
1434 4287 1579 4389 dignus
1597 4295 1656 4364 est
1671 4287 1777 4364 enim
1796 4281 2002 4386 opererlus
2018 4287 2139 4358 mer·¹

1304 4396 1401 4478 cede
1425 4417 1507 4474 sua.
1536 4393 1666 4472 Nolite
1680 4392 1848 4471 transire
1867 4388 1916 4468 de
1943 4389 2065 4467 domo
2081 4389 2123 4466 in

1300 4505 1478 4585 domum.
1500 4501 1547 4579 Et
1565 4500 1605 4578 in
1621 4499 1914 4602 quamcumque
1926 4494 2124 4574 civitetem

1301 4609 1561 4706 intraveritis,
1579 4620 1619 4688 ιι
1642 4608 1891 4710 susceperint
1904 4625 1997 4702 ros,
2014 4626 2124 4682 man·

1301 4721 1444 4800 docete
1463 4738 1553 4817 quae
1571 4713 1828 4818 apponentur
1842 4711 1956 4792 robis
1971 4737 1980 4788 :
1996 4718 2036 4788 ιι
2052 4733 2126 4789 cu·

1302 4829 1385 4907 rete
1423 4824 1634 4919 infirmos,
1667 4822 1736 4924 qui
1769 4821 1809 4898 in
1838 4819 1908 4898 illa
1930 4827 2050 4916 sunt,
2086 4825 2127 4896 et

1302 4936 1423 5014 dlcite
1448 4932 1528 5010 illis
1558 4960 1567 5005 ε
1606 4925 1951 5033 Appropinquevit
1983 4925 2025 5002 in
2054 4945 2125 5004 ros

1302 5064 1469 5148 regnum
1487 5039 1570 5118 Dei.
2087 5139 2096 5155 .

1345 5163 1614 5244 Oll'ertorium.
1659 5161 1737 5241 lob
1775 5163 1835 5266 ⁹29.-
1887 5135 2125 5238 Βθῦθᾶίθῑῐθ

1303 5257 1467 5363 peritirri
1496 5275 1709 5360 superine
1740 5249 1948 5345 veniebat,
1986 5258 2026 5326 ιι
2056 5266 2127 5323 cor

1302 5367 1433 5448 viduae
1461 5363 1692 5445 consoletus
1731 5382 1819 5438 sum
1848 5385 1857 5434 ε
1889 5355 2028 5436 eculus
2066 5351 2124 5430 lui

1304 5496 1429 5568 caece,
1469 5482 1508 5552 ct
1550 5494 1622 5574 pes
1661 5467 1806 5549 claudo
1836 5495 1845 5544 ε
1874 5473 1986 5568 pater
2012 5481 2124 5540 eram

1304 5585 1540 5689 piruperum.

1592 5703 1709 5801 ,Scor
1735 5707 1788 5782 ta.
2052 5773 2060 5790 ,

1354 5809 1443 5867 ιιιιι
1467 5809 1541 5864 nos
1572 5783 1646 5862 trbr
1680 5805 1704 5862 o
1736 5779 1914 5875 erentes,
1942 5775 2127 5868 Demrne,

1299 5833 1345 6000 S
1372 5895 1537 5999 spiritus
1570 5892 1638 5970 ille
1664 5887 1901 5982 inllemmet,
1921 5907 2002 5986 quo
2031 5881 2130 5961 bee-

1306 6011 1391 6084 tum
1431 6000 1601 6081 Paulum
1629 5995 1917 6078 Conlesserem·
1938 6015 2012 6096 pro
2050 5999 2130 6068 ture

1307 6111 1505 6216 passienis
1528 6107 1722 6190 memeria
1744 6101 1981 6185 infidelium
2002 6097 2131 6180 cerdi-
