5325 7200
1126 1055 1231 1106 lltSSAE
1255 1054 1412 1106 PROPRIAE
1436 1051 1594 1106 oloecssffls
1617 1049 1796 1104 BLRSENSIS.

1011 1207 1142 1281 Oratio.

804 1335 877 1400 uuo,
899 1314 961 1410 qui
981 1313 1026 1386 ad
1041 1312 1250 1409 peseonoem
1269 1312 1416 1388 heredi·

817 1417 923 1490 lolem
934 1423 1047 1503 tuam,
1062 1417 1203 1492 beilum
1219 1418 1413 1492 leobinum

735 1519 973 1598 consessorem
1002 1529 1105 1596 tuum
1138 1529 1241 1620 alque
1274 1525 1414 1598 Pontifi-

735 1649 811 1702 oem
830 1627 874 1703 de
898 1628 1058 1727 gregibus
1078 1632 1195 1706 orium
1213 1640 1250 1706 et
1269 1631 1313 1707 de
1335 1639 1413 1729 post

734 1733 894 1809 soetontes
917 1739 1077 1834 accepisti
1099 1767 1107 1809 ε
1128 1739 1280 1814 concode
1299 1741 1414 1836 propl-

734 1843 867 1930 tius3ut
875 1845 950 1940 ejus
959 1845 1163 1920 muniomur
1170 1845 1343 1943 procilius,
1355 1869 1413 1919 cu·

730 1948 789 2044 jus
809 1950 1015 2025 instruimur
1031 1957 1067 2025 et
1088 1953 1229 2026 monitis
1245 1960 1280 2027 et
1300 1957 1415 2028 exom-

733 2055 813 2154 plis.
830 2058 896 2131 Per
912 2058 1117 2132 Dominum.

783 2164 973 2236 Commem.
989 2168 1055 2237 88.
1071 2165 1410 2262 EuphemioeetSoo.

733 2271 944 2365 Martyrum,
966 2270 1088 2343 Oratio
1106 2271 1247 2358 Proesto,
1266 2297 1307 2369 p.
1325 2278 1409 2346 465.

780 2374 822 2446 Si
837 2374 903 2447 ooo
911 2380 1056 2448 Festum
1066 2377 1199 2450 venerit
1208 2378 1246 2450 iu
1258 2383 1414 2465 Quotrmr

736 2481 970 2580 Temporibus,
987 2484 1030 2578 fit
1042 2484 1199 2582 primum
1220 2488 1409 2559 Commem.

732 2587 866 2679 Ferioe,
895 2603 1018 2686 posteo
1052 2591 1118 2662 88.
1151 2587 1356 2686 Euphemiae
1380 2602 1412 2660 et

730 2694 926 2766 Sociorum.

876 2936 930 2987 lue
955 2939 1012 2988 xlx
1038 2941 1255 2993 summotus.

776 3055 799 3144 ς
809 3053 954 3126 lull'erto
963 3057 1016 3124 88
1020 3107 1028 3124 .
1038 3055 1219 3140 Jouuorii,
1228 3056 1408 3154 Episcopi,

728 3171 761 3230 rt
779 3159 962 3230 Sociorum
974 3163 1183 3254 Martyrum,
1197 3162 1239 3255 fit
1257 3165 1411 3234 Comme-

728 3263 880 3335 marmio
899 3267 937 3334 S.
964 3261 1155 3364 Arouipoi
1182 3267 1351 3366 Epiocopi
1376 3283 1409 3342 et

729 3366 954 3466 Consorsorie,
978 3371 1099 3446 Oratio
1120 3372 1173 3448 Da
1191 3397 1405 3472 quesumus

728 3476 771 3550 cle
782 3478 969 3551 Communi
982 3477 1195 3575 confessoris
1210 3483 1403 3578 Pontificio,

727 3609 765 3683 p.
784 3610 840 3661 xv.

869 3830 923 3879 om
949 3831 1019 3881 xxti
1042 3830 1256 3882 sermonis,

776 3934 847 4023 {tu
856 3936 1006 4005 Festos.
1023 3930 1161 4005 ltromoe
1173 3956 1197 4005 o
1212 3928 1404 4019 Viltouovo,

727 4037 843 4133 Epire.
877 4053 911 4111 ot
942 4040 1063 4135 Cous„
1096 4052 1177 4136 post
1214 4040 1403 4111 Commem.

726 4144 792 4213 88.
811 4141 969 4216 Mouritii
987 4157 1020 4215 et
1036 4148 1116 4217 Sor.
1138 4149 1343 4241 Mmtprum,
1365 4146 1406 4239 fit

728 4250 919 4321 commem.
942 4253 981 4323 S.
1004 4248 1157 4340 Siloooi,
1179 4251 1402 4347 confessoris,

728 4356 846 4429 Oratio
859 4354 998 4444 rodomo,
1013 4356 1057 4429 oe
1070 4359 1252 4431 Communi
1269 4360 1406 4457 Conser-

727 4460 815 4533 sorir
829 4484 900 4535 nou
919 4462 1111 4556 Pontificio,
1126 4486 1162 4559 p.
1178 4465 1250 4560 xxj.

870 4701 924 4750 ule
949 4702 1016 4753 XXV
1040 4703 1254 4757 summulas.

801 4812 846 4887 m
869 4812 1011 4888 resno
1036 4814 1074 4889 s.
1102 4816 1322 4915 sonuum,

840 4932 987 4987 mmor!
1002 4936 1044 4986 ΒΤ
1062 4936 1290 4990 conressoms.

899 5029 1078 5101 introitur.
1095 5033 1152 5102 Pr.
1170 5036 1230 5103 ot.

827 5140 1056 5241 nezelongovi
1076 5140 1223 5239 logione,
1239 5149 1274 5216 et
1293 5144 1405 5215 mansi

728 5162 878 5429 Ein
915 5248 1103 5323 solitooine
1133 5278 1141 5322 ε
1181 5251 1404 5348 expectobam

841 5379 924 5429 eum
949 5357 1010 5453 qui
1033 5356 1168 5429 salvum
1197 5382 1254 5431 me
1279 5359 1405 5433 lecito

727 5460 1011 5559 pusillanimitote
1031 5464 1172 5560 spiritus
1197 5470 1232 5539 et
1255 5472 1406 5563 tempes-

727 5570 810 5642 tote.
830 5566 963 5643 Protm.
980 5568 1029 5643 io.
1046 5570 1192 5657 Elinoi,
1208 5572 1313 5665 Deus,
1330 5596 1406 5647 om·

728 5674 860 5747 tionem
876 5698 1004 5763 meum,
1027 5684 1063 5752 et
1074 5700 1119 5753 ne
1134 5677 1328 5775 despexeris
1349 5677 1405 5752 de-

728 5781 962 5877 preoutionem
981 5804 1096 5857 meum
1117 5812 1125 5857 ε
1144 5783 1286 5859 intonde
1300 5784 1401 5871 mihi,

729 5894 764 5962 et
776 5887 900 5963 exouoi
915 5913 984 5965 mo.
999 5890 1117 5967 Gloria
1129 5892 1235 5967 Patri.

1787 1201 1920 1274 Orutio.

1586 1333 1656 1396 eus,
1681 1309 1742 1407 qui
1763 1309 1872 1382 sancti
1894 1305 2081 1394 Solomnii,
2108 1307 2195 1382 Con·

1597 1415 1732 1490 sessoris
1767 1415 1819 1488 tui
1856 1419 1959 1512 atque
1997 1413 2192 1500 pontificis,
2290 1492 2292 1519 Ι

1516 1521 1721 1596 memoriam
1739 1519 1922 1616 multiplici
1939 1519 2106 1596 virtutum
2126 1521 2196 1620 glo

1516 1631 1568 1702 rin
1582 1627 1813 1704 venerobilem
1832 1635 1868 1702 et
1880 1629 2017 1725 populis
2033 1629 2142 1706 leelsti
2160 1639 2195 1708 et
2289 1668 2292 1699 l

1515 1739 1727 1836 princlpibus
1749 1767 1757 1810 :
1779 1739 1930 1814 conoode
1949 1743 2138 1837 propitius;
2155 1749 2195 1815 ut

1515 1847 1603 1920 sicut
1618 1847 1670 1919 illi
1684 1845 1895 1920 eminontem
1911 1848 2057 1944 grotiam
2076 1857 2195 1922 eontu-

1515 1951 1599 2044 llnti,
1620 1953 1670 2024 sie
1695 1951 1740 2024 iul
1761 1951 2043 2049 consequomlum
2067 1954 2196 2030 miseri·

1515 2059 1670 2134 oordiem
1689 2067 1799 2146 tumn,
1820 2061 1896 2156 ejus
1915 2083 1980 2134 nos
2000 2059 2106 2134 licias
2120 2067 2198 2160 pro·
2290 2060 2293 2085 '

1515 2169 1613 2244 cibus
1636 2169 1805 2267 adjuvori.
1830 2171 1897 2244 Per
1919 2171 2108 2246 Dominum
2134 2197 2194 2246 no

1516 2275 1627 2342 strum
1642 2270 1759 2342 lesum
1772 2267 1966 2342 Christum.

1515 2377 1631 2452 Lectio
1644 2376 1808 2473 Epistolae
1822 2375 1912 2448 beiti
1925 2376 2024 2450 Pauli
2038 2375 2193 2474 Apostoli
2289 2374 2292 2401 '

1572 2487 1617 2561 nd
1630 2485 1841 2562 Corinthios.
1859 2491 1880 2558 2
1895 2485 2049 2560 Gorimlr.
2075 2491 2132 2560 lo.
2289 2490 2291 2507 '

1575 2611 1719 2684 nunnus,
1740 2592 1817 2664 Non
1838 2590 2007 2665 audimus
2028 2593 2189 2683 inserere,
2288 2632 2291 2705 ξ

1513 2612 1647 2774 Feut
1664 2699 1865 2796 comperire
1882 2722 1946 2772 nos
1967 2699 2189 2796 quibuisdam,
2288 2720 2291 2781 1

1514 2807 1572 2905 qui
1595 2810 1723 2906 seipsos
1745 2806 2020 2882 commendant:
2045 2807 2105 2882 sed
2129 2810 2191 2906 ipsi
2288 2822 2291 2895 l

1514 2911 1550 2984 in
1569 2913 1668 2988 nobis
1690 2913 1914 3007 nosmetipsos
1939 2911 2133 2996 mellontos,
2157 2920 2192 2986 et

1513 3015 2192 3114 oomparontesnosmetipsosnobis.Noo

1513 3133 1630 3198 aulem
1650 3149 1722 3198 non
1744 3125 1780 3196 in
1803 3125 2012 3197 immensum
2035 3123 2192 3220 gloriobi-

1512 3255 1605 3319 mur,
1627 3231 1688 3306 sed
1707 3233 1899 3307 secondum
1922 3235 2124 3306 mensorum
2140 3237 2192 3306 ro

1511 3337 1615 3433 gule,
1639 3359 1709 3434 qua
1731 3357 1872 3411 mensus
1892 3343 1943 3410 est
1965 3335 2064 3410 nobis
2083 3339 2188 3425 Deus,

1511 3444 1711 3514 mensurum
1746 3439 1961 3539 pertingondi
1998 3463 2109 3539 usque
2145 3441 2190 3516 ed

1512 3569 1582 3621 ros.
1600 3545 1678 3623 Non
1692 3547 1786 3624 enim
1801 3548 1899 3647 quasi
1912 3569 1984 3622 non
1997 3551 2191 3649 pertingon·

1510 3662 1560 3729 tes
1581 3656 1625 3729 nd
1647 3682 1718 3743 vos,
1744 3656 2068 3755 superextendimus
2089 3682 2154 3733 nos
2178 3688 2186 3732 z

1508 3791 1619 3865 usque
1643 3767 1687 3840 ed
1708 3788 1767 3839 vos
1788 3766 1882 3841 enim
1905 3766 2126 3862 pervenimus
2152 3769 2189 3840 in

1508 3874 1693 3973 Evangolio
1718 3873 1859 3947 Christi.
1885 3873 1961 3947 Non
1987 3874 2023 3945 in
2046 3874 2190 3949 immon-

1508 4004 1585 4053 sum
1599 3981 1785 4079 gloriontos
1802 3980 1838 4052 in
1856 3978 1977 4053 alionis
1989 3978 2187 4059 laboribusr

1508 4108 1604 4183 spem
1618 4095 1736 4163 autem
1755 4086 1924 4161 habentes
1943 4086 2126 4161 cresoontis
2147 4084 2190 4161 ll-

1508 4194 1563 4269 dei
1583 4202 1715 4289 vestre,
1735 4197 1772 4268 in
1790 4194 1884 4267 uobis
1905 4194 2120 4290 megnitioori
2139 4220 2190 4271 se·

1508 4298 1663 4371 condum
1677 4298 1833 4397 rogulam
1851 4306 2005 4373 nostram
2027 4300 2064 4373 in
2081 4302 2190 4377 ebun-

1508 4404 1791 4498 dontiam,etinm
1803 4407 1838 4477 in
1850 4406 1923 4499 illa,
1935 4406 2117 4503 quaeultre
2129 4434 2190 4483 vos

1507 4517 1601 4599 sunt,
1618 4511 1864 4611 evangelizore,
1879 4511 1999 4585 nonin
2013 4510 2191 4587 alionum·

1507 4614 1589 4713 gula
1603 4614 1638 4689 in
1657 4616 1699 4689 iis
1713 4641 1792 4715 quae
1807 4618 2000 4714 praepnroto
2018 4628 2099 4693 sunl
2112 4618 2188 4721 glo·

1507 4722 2189 4823 riori.Quiautemgloriotur,inllomino

1508 4825 1687 4923 glorietur.
1721 4828 1796 4903 Non
1824 4830 1918 4905 enim
1949 4831 2009 4928 qui
2037 4834 2188 4931 seipsum

1508 4934 1741 5021 commendat,
1763 4936 1822 5010 ille
1841 4934 2007 5033 probotus
2024 4946 2076 5013 est
2097 4968 2104 5012 ε
2126 4940 2186 5015 seo

1508 5062 1612 5137 quem
1626 5042 1718 5116 Deus
1730 5046 1966 5120 commondat.

1559 5149 1743 5225 Groduote.
1774 5150 1907 5227 Pratm.
1938 5160 1998 5229 95.
2034 5154 2187 5233 Contun-

1509 5252 2183 5355 donturomnesquiadorantseulplllia,

1508 5365 1614 5461 etqui
1628 5364 1822 5463 gloriontur
1834 5364 1871 5436 in
1884 5365 2079 5440 simulocm's
2092 5368 2182 5443 suis:

1507 5472 1674 5569 quonium
1695 5474 1865 5546 Dominus
1881 5472 2067 5547 altissimus
2084 5498 2188 5573 super

1508 5598 1647 5650 onmem
1663 5585 1802 5653 tenram.
1819 5584 1852 5673 j.
1871 5579 2000 5655 Peolm.
2019 5587 2079 5655 95.
2095 5584 2189 5672 Quo-

1508 5680 1602 5753 niam
1616 5704 1737 5757 omnes
1749 5684 1797 5757 dii
1810 5684 1974 5757 Gentium
1992 5684 2182 5775 demonim

1507 5786 1674 5862 Dominus
1703 5798 1820 5866 nutem
1843 5790 1949 5865 coelos
1971 5792 2063 5867 lecit.
2093 5792 2186 5867 Alle-

1507 5890 1591 5983 loin,
1616 5895 1768 5971 alleluia.
1798 5901 1831 5991 l.
1861 5901 1962 5971 llom.
1994 5904 2050 5973 15.
2072 5898 2187 5973 Confi·
