5325 7200
601 818 646 891 lD
907 812 978 890 Die
994 816 1090 909 xxvj.
1105 812 1164 890 uel
1185 814 1297 909 xxiij.
1327 812 1439 888 felir.
1457 814 1533 905 etj.
1556 814 1592 907 ij.
1606 814 1661 910 iij.
1680 837 1726 889 ex
1736 816 1786 912 xj.
1808 810 1932 889 Feriis
1949 812 2092 892 llarlii.

598 1003 698 1061 rum.
718 980 841 1083 uque
854 978 989 1058 multae
1010 1002 1091 1059 non
1112 980 1326 1081 potuerunt
1357 1003 1422 1059 ex·

597 1090 775 1192 tinguere
801 1087 1027 1185 oaritdlem,
1056 1109 1129 1166 uec
1155 1086 1320 1166 llrimiuo
1351 1088 1426 1168 ob·

597 1204 713 1277 ruent
732 1196 841 1274 illum
866 1196 920 1274 :si
937 1194 1091 1274 dederit
1115 1196 1236 1275 homo
1261 1219 1422 1275 omnem

596 1304 858 1385 substitutiam
875 1303 1019 1382 domus
1038 1326 1119 1383 sum
1149 1326 1222 1405 pro
1239 1303 1424 1384 dilectio-

598 1437 659 1513 ue,
676 1415 789 1516 quasi
809 1412 910 1489 nihil
937 1408 1135 1515 despiciet
1152 1434 1254 1490 eum.

649 1516 859 1609 Graduale.
883 1515 944 1596 Ps.
964 1518 1026 1593 tt.
1047 1514 1199 1598 Diffusa
1217 1528 1275 1600 est
1297 1520 1422 1623 gritia

597 1630 637 1709 in
657 1631 774 1709 ldbiis
792 1629 870 1709 tuis
889 1654 897 1705 :
917 1629 1128 1733 propterea
1155 1630 1359 1709 benedixit
1383 1638 1422 1709 ta

597 1740 703 1818 Deus
723 1739 763 1816 iu
782 1740 989 1819 aeternum.
1024 1736 1058 1814 i.
1087 1738 1253 1839 Propter
1281 1739 1422 1819 veriti·

596 1868 687 1951 tem,
706 1865 745 1935 et
760 1853 1126 1947 mansuetidinem,
1145 1864 1183 1931 et
1196 1854 1391 1955 iustitiam
1412 1882 1421 1933 ε

597 1975 635 2041 et
674 1964 846 2044 deducet
895 1972 933 2041 tc
974 1961 1212 2041 mirabiliter
1259 1962 1422 2043 dextero

599 2082 675 2150 tua.

646 2182 824 2261 Tractus.
847 2172 962 2275 Veni,
979 2198 1126 2278 sponsa
1152 2177 1297 2256 Christi
1327 2204 1337 2254 :
1360 2179 1423 2257 aic-

597 2286 686 2389 cipe
719 2282 937 2381 corduom,
972 2308 1091 2386 quum
1119 2284 1192 2363 tilri
1225 2284 1421 2364 Dominus

454 2408 457 2415 ’
597 2393 834 2496 praepardvit
888 2393 928 2468 in
957 2392 1163 2470 aeternum.
1189 2393 1221 2469 i.
1239 2392 1421 2472 Dilexisti

592 2504 800 2601 justitiam,
820 2510 858 2579 et
875 2500 996 2579 odisti
1024 2500 1274 2600 iniquitdtem
1304 2524 1423 2605 :pro-

592 2611 732 2713 pterea
751 2609 863 2688 unxit
879 2618 917 2686 te
936 2608 1065 2703 Deus,
1082 2607 1312 2704 Deustuos,
1332 2611 1422 2689 oleo

596 2718 743 2797 laetltiae
760 2740 843 2820 prae
857 2715 1116 2795 consortibus
1140 2718 1230 2795 tuis.
1254 2718 1289 2788 l.
1327 2718 1423 2821 spe-

595 2826 655 2903 cie
669 2836 754 2921 tua,
770 2834 810 2903 et
826 2822 1125 2925 pulchritudine
1137 2834 1205 2903 tua
1235 2825 1421 2925 intende,

554 2962 556 2967 ·
596 2931 786 3034 prospere
803 2930 989 3032 procede,
1007 2939 1047 3009 et
1062 2953 1196 3033 regua.

594 3040 813 3142 sequentia
831 3038 956 3116 suncti
984 3038 1183 3139 Evangelii
1202 3041 1421 3121 secundum

819 3146 1061 3225 lllattlraeum.
1078 3170 1113 3225 c.
1139 3152 1194 3223 to.

594 3290 602 3297 ·
637 3257 748 3337 uilio
778 3254 990 3356 tempore:
1020 3252 1131 3331 Dixit
1160 3254 1276 3335 Jesus
1306 3256 1424 3336 discl-

595 3290 747 3469 Ipulis
773 3359 1111 3463 suispardbolam
1136 3362 1423 3445 hanczsimile

596 3486 657 3553 est
675 3494 840 3576 reguum
851 3468 1048 3549 ooeldrum
1062 3470 1424 3553 thesluroabscou·

597 3583 682 3663 dito
702 3583 743 3660 in
762 3602 869 3683 agro,
884 3601 1004 3682 quem
1021 3578 1090 3680 qui
1113 3577 1261 3660 invenit
1276 3582 1422 3682 homo,

597 3690 830 3784 abscondit,
845 3696 884 3768 et
899 3709 982 3789 prae
997 3685 1143 3789 gaudio
1161 3688 1269 3768 illius
1292 3690 1423 3786 vadit,

597 3809 636 3879 et
652 3798 784 3878 vendit
800 3795 985 3875 universa
1000 3815 1091 3895 quae
1110 3795 1248 3890 hahet,
1274 3807 1312 3878 et
1327 3799 1425 3878 emit

596 3903 870 4009 ugrumillum.
887 3902 1034 3980 lterum
1045 3901 1175 3981 simile
1189 3913 1423 4008 estreguum

598 4013 791 4092 coeldrum
806 4009 959 4090 homini
978 4009 1424 4113 negotiatoriquuereuti

597 4122 726 4202 bonas
741 4117 975 4220 margarites
994 4141 1004 4190 ε
1025 4117 1184 4196 inventa
1197 4131 1329 4199 autem
1344 4145 1425 4202 una

596 4227 773 4334 pretiosa
799 4224 1031 4328 margarita,
1050 4223 1217 4321 latitet
1245 4229 1425 4312 vendidit

596 4339 735 4418 omnia
761 4357 851 4438 quae
881 4332 1043 4430 hibuit,
1056 4341 1095 4412 et
1113 4335 1211 4413 emit
1228 4359 1330 4415 eam.
1350 4333 1435 4420 lte?

597 4467 687 4526 rum
706 4443 906 4523 simileest
922 4462 1086 4542 reguum
1105 4441 1300 4522 ooeldrum
1315 4448 1426 4548 sage-

598 4573 661 4632 nee
676 4553 807 4631 missae
825 4550 865 4626 in
885 4553 1071 4643 marc,et
1086 4569 1133 4626 ex
1148 4550 1257 4627 omui
1281 4552 1424 4655 genere

596 4661 771 4762 piscium
789 4653 1043 4758 congregiuti
1061 4683 1068 4732 :
1089 4678 1222 4757 quam,
1241 4682 1332 4740 curu
1352 4663 1425 4740 im·

597 4768 704 4870 pieta
717 4773 837 4859 esset,
856 4761 1095 4859 educentes,
1113 4773 1152 4841 et
1169 4787 1284 4846 secus
1314 4769 1425 4850 littus

598 4873 791 4968 sedentes
806 4870 1008 4973 elegerunt
1026 4869 1326 4974 bonosiacam,
1342 4899 1425 4957 ma·

597 4982 658 5062 los
682 4991 813 5062 autem
835 4979 944 5058 foras
969 4978 1174 5059 miserunt.
1205 4983 1272 5063 Sic
1289 4989 1365 5066 erit
1381 4987 1423 5065 in

597 5086 948 5168 consummatione
974 5085 1110 5164 saeculi
1126 5115 1135 5164 :
1154 5089 1317 5174 exibunt
1347 5096 1426 5176 Ao·

598 5197 698 5299 geli,
726 5205 764 5277 et
782 5194 1023 5299 separabunt
1050 5195 1178 5276 malos
1213 5197 1264 5278 de
1291 5201 1425 5285 medio

592 5304 819 5404 Justdrum,
848 5311 888 5382 et
903 5301 1060 5380 mittent
1076 5323 1145 5382 eos
1161 5306 1201 5382 in
1221 5307 1424 5390 cuminum

596 5413 725 5516 ignis:
751 5411 808 5491 ibi
827 5411 903 5491 erit
928 5409 1045 5487 fletus
1064 5421 1103 5488 et
1118 5413 1268 5493 stridor
1297 5416 1425 5499 denti·

596 5545 678 5603 um.
704 5517 957 5600 intellexistis
974 5517 1059 5595 iraec
1081 5517 1250 5599 omnia?
1276 5524 1426 5606 Dicunt

596 5631 632 5708 ei
646 5655 655 5706 ε
671 5629 811 5708 Etiam.
830 5625 987 5707 Aitillis
1005 5653 1013 5702 :
1029 5625 1123 5705 ideo
1142 5631 1275 5710 omnis
1293 5635 1426 5713 scriba

597 5737 739 5818 doctus
756 5738 797 5816 in
816 5757 938 5840 reguo
956 5733 1172 5833 coeldrum,
1200 5739 1344 5821 similis
1362 5754 1422 5822 est

597 5843 750 5922 homiui
776 5840 1078 5947 patrifamilias,
1105 5846 1174 5945 qui
1197 5848 1349 5948 profert
1373 5849 1424 5929 de

596 5951 785 6033 theodoro
801 5975 875 6036 suo
891 5971 994 6033 nova
1013 5957 1053 6029 et
1067 5953 1211 6034 veteru.

1508 992 1547 1063 te
1567 984 1672 1065 Deus
1689 988 1729 1066 in
1760 988 1979 1089 aeternum,
2009 1000 2050 1073 et
2068 995 2112 1073 io
2145 994 2343 1077 saeculum

1508 1092 1656 1171 sacculi.

1832 1192 2007 1271 Secreta.

1509 1326 1776 1490 Peretnouis
1803 1309 1967 1412 Hdslia,
1997 1339 2119 1419 quam
2147 1318 2222 1398 tibi
2249 1320 2345 1401 offe·

1508 1516 1518 1532 ·
1572 1418 1725 1513 rimus,
1753 1418 1946 1519 Domine,
1963 1423 2092 1505 batiae
2117 1426 2346 1529 ttargarttae

1506 1526 1793 1605 interveniente
1815 1528 2017 1634 suffrdgio,
2047 1534 2197 1635 optdtae
2224 1536 2344 1614 nobis

1507 1626 1763 1736 indulgentiae
1790 1634 2085 1737 plenitudinem
2112 1642 2343 1746 elargittur.

1509 1735 1583 1816 Per
1609 1742 1827 1821 Dominum
1846 1753 2042 1826 nostrum.

1559 1837 1809 1917 Communia.
1840 1839 1901 1915 Ps.
1934 1844 1995 1917 ll.
2020 1841 2208 1936 Dilexisti
2229 1858 2348 1957 jugg.

1506 1956 1626 2054 tiam,
1648 1966 1686 2037 et
1700 1958 1823 2039 odisti
1855 1960 2107 2065 iniquititem
2134 1966 2347 2067 :propter-

1505 2086 1552 2143 ea
1578 2067 1690 2145 unxit
1729 2081 1766 2147 te
1807 2068 1940 2168 Deus,
1982 2073 2091 2152 Deus
2117 2082 2213 2153 tuus
2252 2072 2344 2153 oleo

1507 2172 1660 2253 laetitiae
1686 2198 1770 2277 prm
1798 2180 2056 2262 consortibus
2081 2183 2175 2262 tuis.

1733 2271 2074 2351 rostcommunio.

1511 2401 1568 2568 U
1582 2414 1704 2486 neura,
1719 2390 1903 2491 deiue,
1921 2403 2068 2476 sanctae
2085 2406 2166 2476 tuae
2191 2396 2347 2501 Darga-

1585 2497 1670 2577 riter
1691 2498 1877 2601 licrymae
1895 2502 2085 2583 duritiem
2109 2503 2241 2583 nostri
2257 2528 2344 2586 coc

1506 2598 1569 2682 dis
1594 2607 1801 2686 emolliant
1816 2634 1828 2701 ;
1846 2618 1887 2688 ut
1911 2634 1983 2710 per
2008 2612 2132 2712 huius
2152 2610 2343 2691 rirtdlem

1506 2713 1743 2794 sacramenti
1757 2776 1767 2809 ‚
1783 2716 1944 2796 debitas
1961 2721 2139 2800 redtibus
2158 2722 2342 2799 flammas

1508 2820 1725 2944 incessinti
1743 2824 1841 2905 fletu
1859 2826 2152 2931 extinguimus.
2172 2828 2250 2907 Per
2267 2830 2343 2908 Do

1507 2952 1672 3009 murum.

1730 3164 1791 3219 Dlli
1808 3162 1910 3219 XXVI·
1924 3179 1993 3233 vn,
2014 3162 2130 3219 xxvtt.

1580 3259 1620 3339 S.
1651 3260 1915 3360 lldll'leAE,
1946 3262 2082 3343 vino.
2110 3262 2268 3342 MART.

1652 3368 1734 3448 Pro
1756 3371 1935 3451 Fccferro
1945 3368 2193 3453 cathedrali.

1552 3460 1674 3542 ltlissa
1706 3473 1749 3543 ut
1781 3466 1822 3543 in
1854 3464 2017 3562 Missali,
2054 3465 2131 3543 sub
2174 3464 2240 3542 die
2276 3466 2333 3539 od.

1505 3570 1702 3649 ianuarii.

1555 3679 1742 3758 Secunda
1776 3679 1927 3761 Oratio.
1960 3683 2177 3774 donnons
2210 3681 2264 3778 iij.
2286 3683 2333 3756 acl

1505 3786 1680 3866 lihitum.
1709 3789 1754 3867 lu
1771 3789 1922 3886 Quadr.
1947 3791 1989 3885 ij.
2017 3789 2162 3868 Oratio
2188 3753 2332 3878 l'eriar,

1506 3896 1608 3996 iij-A
1634 3909 1798 3988 cunctis.

1667 4128 1895 4234 FESTA
1914 4129 2194 4234 MARTll.

1649 4361 1761 4418 PRIMA
1779 4361 1827 4418 EX
1844 4363 1891 4416 VI.
1910 4363 2027 4417 FEllllS
2051 4358 2193 4419 intituli.

1607 4455 1675 4535 ss.
1692 4450 2244 4632 Qurunppapruuuauuu

1507 4682 1511 4688 ¹
1548 4655 1679 4732 lilioso
1721 4655 1839 4732 utin
1879 4655 2116 4758 Appendioe
2150 4655 2331 4735 Missalis.

1507 4761 1596 4841 lloc
1628 4761 1789 4839 Festum
1825 4763 2034 4842 transferri
2060 4769 2199 4865 potest
2234 4765 2331 4842 iutra

1505 4868 1710 4973 Quadrag.
1731 4877 1899 4950 tautum.

1612 5077 1764 5132 SECUNDA
1791 5077 1838 5130 EX
1864 5078 1915 5130 Vl·
1945 5077 2062 5140 ruatis
2087 5077 2235 5134 ttaurlt.

1509 5165 1577 5247 SS.
1604 5166 1809 5248 Sl'leiAE
1834 5163 2066 5246 CORONAE
2089 5163 2141 5244 D.
2171 5163 2217 5244 N.
2234 5163 2270 5244 f.
2297 5161 2338 5242 C.

1549 5278 1673 5357 llfissa
1715 5289 1760 5359 ut
1789 5281 1831 5358 iu
1879 5280 2116 5383 Appendice
2147 5279 2331 5360 Missalis.

1502 5383 1587 5464 lloc
1613 5387 1774 5468 Festum
1810 5389 2017 5468 transferri
2046 5396 2188 5490 potest
2228 5389 2329 5468 iutra

1504 5498 1705 5601 Quadrag.
1738 5507 1908 5579 tantum.

1636 5763 1765 5817 TERTIA
1783 5765 1830 5818 ttx
1846 5765 1897 5816 t't.
1917 5765 2031 5818 ratris
2050 5763 2195 5818 maurit.

1558 5861 1701 5940 Pillil'.
1728 5857 2004 5942 SANGUlNlS
2034 5857 2084 5940 D.
2108 5855 2155 5938 N.
2172 5855 2211 5939 J.
2240 5855 2285 5942 C.

1463 5956 1468 6087 l
1549 5963 1671 6042 Missa
1704 5974 1749 6043 ut
1788 5967 1829 6042 in
1864 5963 2097 6068 Appendice
2139 5963 2325 6044 lliissutis.

636 6071 903 6152 offertorium.
924 6069 985 6149 Ps.
1007 6075 1067 6148 ft.
1091 6070 1247 6152 Dilfrisa
1266 6083 1324 6152 est
1336 6085 1422 6174 gro·
1463 6096 1467 6115 ·
1503 6068 1588 6150 lloo
1621 6071 1780 6151 Festum
1812 6074 2017 6154 transferri
2052 6080 2186 6173 polest
2223 6073 2321 6148 iutra

596 6183 649 6260 tiu
667 6181 708 6256 iu
724 6175 841 6258 ldbiis
856 6177 934 6260 tuis
952 6205 961 6258 ε
979 6181 1189 6282 propterea
1220 6181 1421 6259 benedixit
1463 6138 1467 6220 7
1500 6180 1890 6278 praecingentem.
