5325 7200
818 1165 870 1208 um
890 1167 933 1208 w.
956 1163 1131 1208 muttum.
1152 1161 1183 1205 B.
1204 1161 1335 1205 Jouurffl
1353 1161 1501 1207 mmm.

389 1364 391 1373 ¹
431 1281 602 1356 dimittere
618 1303 711 1354 eam.
727 1283 808 1356 lloee
822 1290 938 1355 autem
956 1303 999 1355 eo
1015 1279 1110 1376 cogi·

434 1391 535 1472 triute
564 1411 648 1462 eece
674 1389 827 1486 Angelus
845 1387 984 1461 ltemini
1002 1387 1111 1482 appri-

348 1486 350 1505 '
433 1497 500 1570 ruit
517 1496 552 1566 in
574 1495 709 1568 somnis
730 1496 775 1577 ei,
797 1495 939 1568 diceus:
966 1493 1107 1588 loseph,

435 1601 483 1674 srli
500 1599 624 1686 David,
644 1600 714 1674 nuli
736 1601 856 1674 timere
872 1601 1027 1696 accipere
1042 1598 1112 1670 lle·

391 1750 394 1767 ·
435 1711 518 1782 riam
537 1708 725 1804 cunjugem
747 1716 870 1781 tuam:
900 1705 993 1802 quod
1016 1704 1109 1778 enim

436 1817 469 1888 in
486 1837 528 1888 ea
551 1822 673 1887 natum
692 1822 759 1905 est,
781 1812 825 1886 de
844 1813 974 1909 Spiritu
993 1817 1112 1884 sanctu

436 1933 499 1996 est.
515 1921 632 1994 Plriet
647 1929 764 1993 eutem
779 1919 906 2005 lilium,
924 1927 958 1993 et
979 1915 1113 1992 roribis

437 2051 561 2102 nomen
582 2030 658 2123 ejus
674 2027 803 2100 lesum.
833 2027 908 2122 lpse
929 2025 1024 2097 enim
1044 2021 1113 2095 sal·

436 2157 515 2207 rum
531 2133 633 2206 ileiet
651 2131 821 2228 pipulum
840 2155 943 2205 suurn
958 2154 980 2204 e
994 2129 1114 2226 pecci-

436 2244 478 2316 tis
488 2244 626 2316 eurum.
669 2239 793 2314 Credo.

553 2357 619 2424 Pro
632 2356 659 2426 S
663 2415 669 2424 .
686 2357 824 2449 toeept.
841 2357 995 2426 Secreta.

502 2495 623 2546 uurruu
638 2471 711 2553 tibi,
727 2471 888 2555 humine,
902 2478 1027 2544 nostrae
1041 2467 1116 2540 red-

396 2588 398 2613 ¹
439 2497 651 2652 Ddimus
692 2575 881 2656 servitutis.
917 2576 1116 2672 suppliciter

439 2682 1112 2778 exerentes:utsullrlgiisbetitiloseph‚

441 2791 563 2886 sponsi
578 2789 753 2888 genitricis
768 2789 846 2860 Filii
861 2790 909 2861 tui
923 2789 1001 2861 lesu
1017 2787 1117 2860 Chri-

397 2942 400 2989 .
440 2897 478 2970 sti
492 2897 632 2970 numini
657 2897 776 2983 nostri,
793 2897 827 2968 in
848 2897 948 2971 nobis
963 2904 1023 2970 tua
1041 2896 1118 2968 mri-

397 3000 400 3013 '
443 3026 522 3075 uera
539 3003 681 3090 tueriris,
706 3002 750 3076 ob
768 3005 868 3098 cujus
888 3001 1116 3076 venerendam

395 3114 399 3237 t
441 3109 821 3192 corunremoratiriuem,
845 3107 958 3182 leudis
976 3108 1037 3181 tibi
1053 3110 1119 3181 lui-

396 3260 399 3275 ι
440 3219 519 3290 stias
532 3215 770 3289 immolemus.
787 3215 853 3289 Per
867 3217 1042 3290 eumdem.

396 3336 399 3351 '
488 3337 556 3404 Pro
569 3333 964 3424 surretaEmererut'aua‚
983 3334 1071 3431 Virq.
1086 3343 1120 3402 et

396 3426 401 3557 l
443 3443 544 3512 liert.
557 3441 722 3524 ,Secreta
738 3437 870 3512 Bestias
886 3440 958 3522 tibi,
971 3463 1010 3536 p.
1024 3439 1115 3534 xxvj.

398 3572 402 3638 t
490 3561 658 3657 Praefatio
672 3562 716 3635 Et
734 3569 766 3636 le
783 3563 818 3635 in
835 3563 1117 3659 Responsum,

442 3694 479 3767 p.
499 3674 570 3741 tut
583 3666 638 3739 vel
652 3672 737 3741 223.

361 3839 369 3884 ·.
487 3788 552 3855 Pro
567 3788 606 3857 S.
627 3787 765 3879 tosept.
782 3788 1077 3859 Poetcummuru‘o.

337 3943 363 3991 ,·
449 3931 617 4091 Aursro
638 3908 750 3994 nubis,
768 3934 969 4006 quaesumus
988 3911 1121 3985 miseri·
1188 3962 1195 3979 .

536 4038 615 4089 cors
627 4014 722 4088 lleus
738 4044 745 4086 :
761 4025 795 4089 et
809 4018 1043 4091 intercedente
1060 4039 1124 4113 pro

450 4118 544 4194 nobis
559 4120 660 4193 berito
677 4122 804 4217 loseph
830 4122 1044 4207 Contessllre,
1066 4130 1125 4194 tua

361 4275 364 4286 ·
450 4229 536 4300 eirea
556 4251 620 4301 uus
634 4230 950 4325 propitietusuuna
975 4230 1122 4305 custudi.

361 4331 369 4368 ''
450 4335 512 4408 Per
525 4335 728 4408 Delminum.

361 4427 364 4502 l
497 4463 700 4533 Prummu
708 4462 961 4546 emerentiana,
986 4467 1077 4561 Viry.
1093 4474 1126 4534 et

367 4583 371 4658 t
452 4570 567 4651 liert„
596 4570 805 4639 Poetcemm.
824 4568 937 4641 Diriui
957 4570 1124 4653 muneris,

362 4677 371 4758 l
447 4698 486 4769 p.
507 4677 603 4770 xxvj.

362 4769 366 4952 l
566 4860 716 4935 uuusu
739 4816 1124 4935 eruiturus*

370 4971 372 5010 Ι

364 5049 372 5134 t
725 5062 778 5112 mu
801 5062 848 5113 ιν.

441 5218 457 5235 .
484 5168 646 5243 BEATAE
669 5170 853 5245 totNuAE
877 5172 1088 5255 VALESlAE‚

725 5308 845 5359 vmuur.

573 5407 755 5479 introitus.
783 5408 912 5483 Psulrn.
941 5414 1001 5484 30.

548 5550 712 5608 xurruuo,
734 5536 768 5601 et
786 5530 931 5604 loetibor
948 5533 983 5603 iu
998 5532 1126 5605 miseri·

452 5550 551 5813 E
568 5633 686 5707 cordia
699 5642 768 5717 tua,
784 5637 942 5720 liberine,
959 5640 1125 5734 queniam

568 5742 983 5837 respexistihumilitetem
996 5768 1122 5832 meam,

452 5844 585 5919 suiristi
613 5846 658 5919 de
689 5849 945 5921 necessitutibus
972 5852 1124 5923 enimam

457 5972 582 6023 meam.
607 5949 733 6023 Psalm.
758 5951 807 6023 lb.
832 5954 871 6025 lu
900 5963 945 6041 te,
963 5954 1123 6051 Drimine,

1211 1277 1438 1373 speretium
1450 1276 1644 1352 confundar
1655 1277 1687 1349 in
1699 1282 1886 1362 aeternum3

1211 1385 1401 1563 gratjrustitia
1427 1392 1486 1456 tue
1504 1383 1612 1458 libera
1630 1407 1697 1456 me.
1717 1381 1753 1461 tl.
1771 1383 1890 1458 Gltria

1484 1605 1617 1680 Oratio.

1214 1744 1355 1901 Deus,
1379 1723 1438 1820 qui
1469 1723 1513 1796 ad
1540 1721 1747 1795 imitendum
1782 1720 1891 1794 beltae

1298 1828 1447 1926 Virginis
1466 1829 1543 1901 Filii
1562 1830 1610 1901 tui
1632 1827 1806 1926 genitricis
1827 1825 1894 1896 rir-
1995 1906 1997 1941 Ι

1215 1933 1316 2018 trites,
1335 1957 1462 2007 uorum
1483 1958 1543 2032 per
1564 1934 1700 2008 bellam
1722 1934 1892 2006 loennam

1214 2040 1390 2112 suerirum
1417 2043 1587 2138 virgiuum
1607 2048 1736 2113 coeturn
1763 2035 1895 2110 institui

1216 2155 1372 2228 voluisti:
1404 2159 1479 2254 ejus
1503 2157 1635 2230 meritis
1668 2155 1895 2252 precibusque

1216 2262 1380 2348 concede,
1402 2271 1442 2336 ut
1464 2287 1526 2360 per
1552 2262 1674 2337 eadem
1695 2259 1896 2360 gradiemur

1216 2367 1386 2441 virtutum
1413 2368 1584 2466 exempla.
1607 2369 1671 2441 Per
1690 2366 1892 2440 [liminum.

1267 2481 1462 2559 Commem.
1478 2485 1591 2557 Ferioe
1603 2489 1641 2557 in
1654 2481 1849 2582 Ottudruq„
1865 2493 1898 2552 et

1217 2595 1270 2667 uie
1286 2594 1323 2667 in
1344 2591 1453 2666 Fertis
1470 2603 1619 2689 sequent.

1268 2703 1424 2806 Epistola
1455 2705 1633 2778 Mulierem
1673 2705 1811 2788 iortern,
1854 2701 1899 2774 de

1220 2813 1403 2888 Communi
1412 2836 1473 2884 uec
1492 2811 1635 2909 Virqiuis
1646 2835 1708 2884 nec
1718 2807 1894 2906 Martyris,

1220 2945 1253 3018 p.
1278 2945 1375 3016 xxxj.

1270 3031 1456 3110 Graduale.
1486 3029 1621 3106 Psalm.
1655 3035 1736 3106 ll8.
1761 3029 1900 3104 tdhaesi

1220 3143 1426 3219 testimuniis
1446 3141 1524 3232 tuis,
1546 3139 1721 3214 Demine:
1744 3139 1779 3210 in
1798 3135 1902 3211 corde

1221 3243 1919 3344 muoatscundiettquiatuat.Bonum.

1221 3357 1312 3430 milri
1325 3355 1380 3430 lex
1394 3354 1464 3427 oris
1479 3353 1527 3426 tui
1544 3375 1648 3447 super
1659 3349 1768 3423 millia
1783 3347 1858 3421 auri
1870 3351 1904 3421 et

1223 3465 1369 3564 urgenti.
1379 3463 1541 3558 Alleluiju,
1555 3459 1711 3556 alleluja.
1724 3457 1759 3538 tl.
1769 3460 1850 3532 tud.
1865 3461 1900 3530 5.

1222 3570 1348 3647 Audite
1373 3593 1482 3669 reges,
1510 3575 1545 3643 et
1571 3565 1713 3641 turibus
1742 3563 1905 3661 percipite
2008 3577 2011 3667 ζ

1224 3678 1418 3775 principes:
1448 3676 1522 3773 Ego
1546 3698 1623 3747 sum
1653 3696 1733 3771 qure
1755 3672 1905 3745 Deminu
2009 3727 2011 3769 ,

1224 3807 1363 3875 cenam,
1376 3780 1523 3879 psallam
1537 3780 1686 3855 uumrno
1701 3778 1774 3853 [teo
1784 3774 1902 3851 lsrael.

1225 3890 1388 3986 Alleluija.

1275 4015 1357 4083 Post
1373 4006 1684 4106 Septuaqeu'mam,
1702 4002 1836 4076 omues
1850 4000 1907 4075 Al·

1226 4118 1346 4213 lelr'rju,
1367 4130 1400 4188 et
1414 4116 1448 4195 t.
1469 4112 1637 4212 sequenti,
1660 4108 1785 4183 dieitur
1811 4136 1820 4180 :

1281 4236 1436 4303 Truetru.
1468 4224 1600 4301 Psalm.
1630 4228 1710 4297 118.
1739 4220 1907 4318 Expecti·

1227 4330 1747 4415 bemsalutlretuumfflumine
1759 4336 1908 4401 :etmuu

1228 4444 1308 4517 dtu
1325 4451 1386 4515 tue
1399 4441 1515 4517 dilexi.
1531 4438 1568 4517 rt.
1587 4434 1778 4511 Custodirit
1790 4434 1909 4506 luima

1229 4573 1306 4623 mee
1338 4548 1531 4623 testimenia
1555 4553 1628 4629 tue,
1658 4552 1693 4617 et
1718 4540 1837 4615 dilexit
1865 4560 1908 4613 ea

1230 4658 1465 4730 veliementer.
1505 4652 1540 4729 rl.
1575 4650 1713 4727 Servili
1745 4646 1909 4719 manditur

1231 4772 1303 4847 lua,
1325 4770 1359 4835 et
1377 4758 1570 4834 testimuniu
1586 4763 1645 4829 tua
1662 4782 1671 4826 :
1688 4754 1771 4849 quie
1785 4774 1907 4825 omnes

1231 4870 1292 4941 rire
1304 4890 1392 4941 mere
1405 4868 1441 4939 in
1458 4866 1643 4958 conspeetu
1659 4868 1733 4931 tuo.

1282 4986 1408 5077 Eumne.
1429 4976 1550 5051 Simile
1568 4982 1618 5047 est
1636 4992 1783 5069 regnum
1801 4966 1908 5043 coeltl-

1229 5110 1309 5160 rum
1323 5084 1501 5168 thesium,
1518 5104 1556 5177 p.
1574 5078 1679 5173 xxxij.

1278 5196 1512 5295 offertorium.
1522 5198 1572 5267 11.
1586 5188 1704 5265 rarat.
1716 5196 1751 5264 tl.
1760 5189 1905 5286 Regina,

1229 5314 1412 5404 postquam
1434 5303 1517 5377 vidit
1534 5300 1678 5375 domum
1701 5297 1777 5383 Dei,
1799 5304 1834 5370 et
1861 5296 1908 5369 vl·

1228 5414 1350 5485 elimes
1377 5433 1464 5508 quas
1492 5405 1719 5481 immolibant
1741 5404 1778 5475 in
1801 5401 1906 5475 domo

1227 5518 1379 5601 Dimini,
1401 5540 1470 5589 non
1489 5522 1563 5589 erut
1578 5534 1648 5607 prae
1662 5510 1801 5605 stupere
1815 5506 1907 5579 ultra

1228 5627 1264 5699 in
1287 5648 1327 5697 ee
1341 5623 1493 5717 spiritus,
1520 5620 1698 5711 dixitque:
1718 5614 1771 5689 Sit
1789 5611 1906 5685 litimi-

1229 5756 1295 5805 uus
1321 5730 1413 5802 Deus
1440 5723 1652 5805 benedictum
1682 5720 1764 5815 quie
1796 5716 1906 5812 diligit

1228 5835 1398 5935 pupulum
1410 5852 1528 5914 suum,
1545 5836 1579 5902 et
1592 5826 1664 5899 rult
1677 5823 1811 5897 servire
1823 5842 1904 5895 eum
