5325 7200
524 799 578 928 'aa
1186 843 1601 944 tumescebas.

530 1015 586 1095 ris
603 1013 660 1092 tui
679 1020 719 1092 et
736 1007 922 1113 Episcopi
955 1006 1138 1103 liuberti,
1166 1015 1206 1088 et
1233 1007 1357 1086 totius

530 1121 660 1202 curie
685 1117 869 1214 coelestis,
890 1124 936 1195 ut
953 1115 1055 1196 fietis
1070 1115 1197 1194 Panes
1210 1113 1357 1194 exorci-

529 1237 579 1338 ᾖ
598 1227 687 1324 zeti,
708 1227 811 1306 bene
826 1233 876 1334 ᾖ
896 1223 1005 1320 dieti,
1026 1223 1152 1302 sancti
1235 1221 1354 1317 iiceti,

532 1338 584 1416 ad
602 1331 853 1436 effugendam
866 1353 1027 1412 omnem
1040 1339 1152 1433 potes
1196 1329 1360 1410 temini-

531 1443 639 1541 mici,
655 1452 693 1522 et
704 1443 836 1544 ipsum
848 1439 1055 1519 inimicum
1067 1460 1158 1518 cum
1171 1436 1360 1518 omnibus

531 1544 1362 1650 adversitatibusrebusquenoxiisexplan-

531 1659 616 1738 tere
647 1667 686 1739 et
715 1655 902 1758 elongere
932 1655 1083 1735 iacietis
1118 1654 1169 1734 de
1206 1653 1360 1734 cunetis

537 1765 729 1846 creatirris
745 1764 832 1861 Dei,
843 1787 934 1865 quae
950 1763 999 1842 de
1017 1763 1080 1844 bis
1101 1761 1279 1843 Penibus
1295 1783 1360 1840 co

531 1871 730 1952 mederint
740 1871 803 1953 vel
817 1871 1073 1974 sirmpserint,
1089 1893 1161 1972 per
1173 1870 1360 1950 rirtirtem

533 1979 713 2084 ejtisdem
731 1979 893 2060 Demini
922 1977 1048 2059 nostri
1075 1979 1170 2060 lesu
1197 1975 1358 2064 Christi,

533 2087 603 2192 qui
621 2109 713 2168 eum
733 2087 818 2167 Deo
836 2087 953 2166 Patre
979 2094 1020 2165 et
1047 2084 1197 2187 Spiritu
1223 2093 1362 2164 saneto

533 2196 626 2276 vivit
644 2203 684 2276 et
698 2201 836 2298 regnat
853 2195 976 2292 Deus,
988 2194 1030 2272 in
1044 2192 1186 2273 smcula
1199 2191 1362 2271 saeculd·

533 2325 636 2384 rum.
662 2313 697 2392 i.
721 2303 862 2382 emen.

592 2403 1203 2507 t.Demine,exeudioratienem
1215 2427 1361 2486 meam.

591 2529 629 2626 rt.
648 2519 698 2598 Et
712 2517 863 2597 clamor
878 2539 990 2596 meus
1002 2514 1054 2593 ad
1066 2522 1104 2594 te
1116 2513 1260 2594 veniat.

592 2639 628 2718 t,
648 2624 846 2709 Deminus
863 2622 1082 2704 vobiscum.

591 2745 628 2844 n,
653 2735 812 2814 Etcum
830 2731 974 2836 spiritu
991 2739 1075 2810 tuo.

848 2839 1033 2930 Oremus.

607 2975 727 3050 mum,
748 2949 918 3030 Demine
937 2953 1084 3042 sancte,
1106 2945 1221 3024 Pater
1235 2942 1365 3023 omni·

538 2983 602 3154 Ε
624 3069 779 3163 potens,
812 3057 959 3137 aeterne
984 3055 1106 3150 Deus,
1133 3053 1174 3129 in
1201 3051 1363 3130 nemine

539 3177 685 3246 sanctie
711 3165 910 3254 Ecclesia,
942 3185 1015 3268 per
1041 3161 1183 3240 merita
1202 3158 1363 3238 Domini

540 3275 665 3354 nostri
681 3275 776 3354 Jesu
796 3271 959 3368 Christi,
978 3269 1142 3371 ejisque
1167 3267 1305 3346 Matris
1324 3275 1364 3346 et

539 3381 711 3482 Virginis
738 3382 887 3476 Maria,
910 3378 1034 3458 sancti
1055 3376 1237 3471 liuberti,
1259 3375 1362 3455 Con-

537 3481 1364 3575 sessor-icetPontifictstutettottuscuria

537 3597 927 3781 commiseronem}
942 3589 1366 3694 nentesetdeprecen·

538 3716 597 3783 tes
616 3728 736 3809 super
754 3706 880 3783 Panes
926 3727 972 3783 os
989 3724 1144 3797 omnes,
1180 3710 1220 3779 et
1250 3700 1366 3779 mitte

538 3834 701 3891 manum
733 3822 843 3891 tuam
871 3810 1031 3912 plenam
1061 3808 1169 3911 large
1199 3806 1365 3885 benedi·

537 3919 668 3999 ctione
685 3942 807 4021 super
824 3941 907 4014 eos,
928 3926 967 3996 at
982 3916 1092 4019 reple
1109 3938 1178 3995 eos
1204 3913 1365 3995 eternis

537 4024 940 4113 benedictienibus‚ct
950 4046 1020 4103 eos
1030 4020 1303 4103 benedicendo

536 4131 762 4229 benedicas,
797 4128 1080 4211 sanctificendo
1109 4140 1157 4241 ᾗ(
1190 4031 1363 4207 saneti}f

535 4264 614 4339 ees,
630 4240 905 4322 consecrendo
916 4250 967 4351 ᾖ
983 4238 1203 4325 censeores,
1226 4246 1270 4316 ut
1285 4237 1363 4316 rir-

537 4348 661 4431 bitem
681 4358 790 4429 tuam
809 4358 949 4429 contre
964 4347 1126 4450 spiritus
1141 4344 1362 4448 percutien-

537 4466 608 4554 tes,
625 4480 743 4537 canes
758 4454 933 4542 rebidos,
943 4453 1176 4557 pestilentiae
1187 4452 1308 4541 luem,
1322 4459 1363 4531 et

536 4572 674 4645 contra
690 4563 825 4643 emnia
845 4562 961 4641 nexia
978 4561 1133 4665 possint
1154 4559 1332 4661 occipere
1350 4586 1358 4635 :

535 4696 609 4775 per
638 4694 729 4751 eum
758 4670 829 4773 ‚qni
856 4670 1046 4750 ventuirus
1085 4676 1145 4747 est
1182 4666 1362 4769 Jndicere

538 4779 646 4857 viros
686 4788 725 4858 et
766 4777 945 4857 mertuos
979 4785 1019 4855 et
1053 4774 1243 4855 seculum
1289 4799 1363 4877 per

535 4888 680 4989 ignem.
698 4898 735 4997 it,
760 4886 901 4965 Amen.

849 4991 1035 5081 oremus.

613 5122 724 5177 omns
750 5100 845 5180 Jesu
865 5098 1037 5187 Christe,
1058 5097 1177 5178 Panis
1195 5095 1362 5197 ungaro-

498 5300 504 5313 ·
533 5132 608 5305 D
625 5228 713 5285 rum
730 5267 739 5297 ‚
759 5207 878 5286 Panis
891 5206 1001 5287 rivus
1013 5206 1101 5285 ritae
1115 5204 1363 5305 aeternamm

537 5314 715 5416 quotidie
731 5314 782 5395 de
800 5314 901 5395 coelo
916 5313 1126 5393 descendis
1144 5313 1193 5391 ad
1211 5312 1363 5391 salven·

534 5418 606 5501 das
627 5429 666 5499 ct
684 5418 986 5499 sanctificendas
1003 5419 1158 5497 enimes
1189 5425 1360 5515 nostrae,

533 5526 591 5607 sie
622 5549 728 5607 nuno
760 5524 1001 5607 descendere
1032 5524 1207 5629 digneris
1243 5546 1365 5626 super

533 5634 660 5715 Panes
680 5635 754 5715 bos
771 5656 926 5730 omnes,
945 5630 1048 5711 bene
1067 5630 1198 5817 {dio
1214 5640 1254 5710 et
1273 5652 1361 5711 san-

532 5738 1361 5840 mmmmmmm·

531 5872 609 5949 que
655 5850 802 5930 anesin
815 5848 975 5927 deserto
991 5876 999 5925 :
1016 5846 1193 5929 etlibera
1206 5870 1278 5949 per
1291 5868 1363 5927 eos

531 5964 693 6034 cunctas
709 5956 910 6036 creatrices
935 5966 1036 6053 tuas,
1065 5964 1148 6033 tam
1177 5955 1363 6036 hemines

532 6084 654 6165 quam
672 6064 905 6153 enimintia,
926 6064 977 6143 ab
995 6065 1105 6143 omni
1124 6062 1288 6164 spiritus
1303 6063 1364 6141 in·

532 6172 665 6263 mirso,
679 6170 731 6251 ab
744 6170 933 6251 emnibus
945 6169 1260 6273 egritudinibus,
1282 6193 1364 6251 ma·

1444 1005 1599 1106 leiiciis,
1614 1016 1654 1088 et
1665 1009 1960 1110 pestilentiis,et
1968 1010 2274 1094 adventatibus

1443 1116 1611 1212 cunctis,
1638 1125 1679 1195 et
1702 1118 1807 1198 sicut
1837 1117 2035 1221 quidquid
2051 1119 2094 1198 in
2113 1120 2273 1200 nemine

1444 1230 1582 1302 sancto
1600 1235 1671 1304 tuo
1689 1223 1860 1304 fideliter
1877 1224 2065 1328 petimus,
2081 1234 2126 1305 tu
2140 1229 2273 1330 propi·

1443 1329 1525 1409 tius
1544 1329 1758 1433 impendis,
1778 1331 1834 1411 ita
1848 1355 1921 1432 per
1937 1331 2072 1435 ipsum
2091 1345 2272 1412 sanetum

1445 1437 1600 1518 Nomen
1627 1448 1755 1528 tuum,
1775 1449 1859 1520 tota
1875 1439 2088 1522 devotiene
2102 1440 2272 1520 adoren-

1444 1545 1596 1626 dumet
1613 1544 1928 1647 predicendum,
1949 1547 2080 1628 Panes
2093 1549 2170 1628 bos
2188 1571 2271 1628 om·

1446 1675 1519 1734 nes
1535 1659 1692 1760 exorffl
1707 1654 1806 1751 cizo,
1824 1654 1928 1736 bene
1942 1657 1993 1760 ᾖ
2010 1655 2116 1744 dieo.
2135 1657 2274 1735 sancti·

1446 1765 1497 1868 ᾖ
1510 1761 1599 1852 fico,
1621 1769 1662 1842 et
1677 1761 1863 1844 virtritem
1883 1763 2124 1842 sanctissimi
2141 1763 2272 1842 Nemi·

1446 1869 1509 1948 nis
1522 1870 1580 1948 tui
1594 1893 1640 1948 ae
1653 1869 1851 1950 Passionis
1862 1879 1942 1950 tuae
1952 1870 2213 1951 illisinfrindo
2223 1871 2270 1950 ad

1446 1975 1738 2057 restituendam
1752 1977 2270 2080 egrountibusscnitttem,

1447 2083 1694 2164 maleficietis
1711 2085 1989 2166 liberatienem
2011 2097 2052 2165 et
2065 2085 2272 2165 incolumi·

1447 2191 1638 2289 tetem,ad
1644 2193 1925 2298 expellendum
1938 2193 1989 2274 de
2007 2193 2272 2274 tabernecuiis

1447 2309 1488 2380 et
1498 2301 1651 2380 cunctis
1666 2300 1859 2382 membris
1873 2301 2147 2382 creaturerum
2164 2301 2274 2404 quid·

1447 2408 1546 2509 quid
1562 2409 1794 2510 pestifemm
1816 2417 1885 2490 eut
1908 2409 2060 2489 mulum
2090 2433 2179 2490 esse
2208 2431 2274 2512 po

1447 2524 1538 2604 test,
1554 2539 1627 2618 per
1635 2515 1824 2598 virtritem
1837 2527 1961 2608 tuam,
1971 2517 2152 2600 Sciretor
2161 2539 2273 2596 mun·

1447 2622 1503 2720 di,
1523 2624 1593 2724 qui
1605 2623 1703 2704 vivis
1719 2633 1759 2704 et
1772 2647 1914 2728 regnas
1927 2625 2049 2724 Deus,
2069 2625 2113 2703 in
2130 2623 2274 2704 saecula

1447 2729 1700 2810 saeculerum.
1724 2735 1761 2836 iu.
1783 2733 1923 2828 Amen.

1774 2842 1958 2922 Oremus.

1528 2967 1640 3025 cums
1674 2953 1824 3036 sancte,
1861 2946 1978 3026 Pater
2004 2946 2274 3051 omnipotens,

1450 2973 1681 3144 Daeterne
1694 3055 1816 3145 Deus,
1829 3054 1986 3136 rirtitis
1998 3065 2077 3136 tue
2089 3057 2276 3135 invictam

1449 3160 1737 3260 formidinem,
1752 3187 1799 3242 ac
1812 3164 1970 3267 pietetis
1985 3172 2064 3244 tuae
2078 3164 2276 3261 infinitam
2298 3162 2303 3169 ’

1449 3266 1700 3349 clementiam
1718 3269 1922 3350 humiliter
1949 3271 2182 3351 invocemus
2211 3293 2275 3348 su·

1450 3397 1523 3476 per
1537 3377 1664 3458 Panes
1676 3379 1750 3458 bos
1763 3377 2276 3474 omnes,uteosexoreizere

1450 3481 1638 3584 digneris,
1672 3494 1792 3588 prout
1808 3509 1880 3589 ego
1899 3485 2087 3586 indignus
2103 3485 2276 3566 remulus

1450 3600 1543 3671 tuus
1559 3591 1600 3669 in
1620 3591 1782 3673 nemine
1803 3602 1950 3674 saneim
1978 3593 2166 3675 ecclesie
2182 3604 2274 3691 tuce,

1453 3722 1526 3802 per
1541 3700 1682 3780 merita
1695 3701 1908 3789 Salvateris
1921 3702 2046 3782 nostri
2060 3704 2156 3782 lesu
2169 3703 2278 3784 Gbri·

1452 3808 1518 3903 sti,
1535 3817 1576 3887 et
1592 3832 1666 3910 per
1682 3810 1823 3889 merita
1835 3810 2096 3889 sanctissimae
2110 3810 2277 3913 Virginis

1449 3922 1489 3992 et
1501 3914 1641 3993 Matris
1652 3915 1964 4004 biariae,etbeeti
1981 3916 2162 4004 nubem,
2176 3917 2277 3997 Con·

1450 4018 1612 4099 fesseris
1629 4022 1688 4101 tui
1702 4032 1824 4124 atque
1839 4023 2059 4121 Pontificio,
2076 4023 2277 4125 totiusque

1450 4126 1582 4208 Cairiae
1600 4128 1786 4226 coelestis,
1805 4136 1965 4313 eretz
1981 4130 2078 4228 cizo,
2098 4129 2277 4237 boneffi-

1450 4232 1555 4331 dico,
1568 4245 1608 4314 et
1619 4236 1935 4341 sanctifflficom
1967 4236 2276 4339 isquerirtritem

1449 4351 1559 4421 tuam
1577 4342 1753 4421 divinam
1770 4342 1952 4433 infendo,
1969 4354 2014 4423 ut
2031 4343 2273 4445 quicrimque

1449 4450 1560 4529 exiis
1576 4449 1834 4543 comederint,
1851 4451 2110 4553 sumpserint,
2130 4451 2191 4529 rol
2206 4474 2273 4530 su·

1449 4578 1521 4658 per
1533 4578 1575 4633 se
1588 4556 1847 4659 portaverim,
1867 4556 2062 4660 accipiant
2080 4558 2273 4659 integram

1449 4663 1595 4742 mentis
1609 4672 1651 4742 et
1665 4664 1846 4765 cerporis
1865 4664 2089 4761 sanitetem,
2111 4664 2275 4745 tutelam

1449 4769 1634 4850 salitiset
1642 4772 1930 4873 protectienem
1942 4794 1990 4851 ae
2000 4772 2272 4852 defensionem

1448 4878 2271 4983 contrarebiemipsesquecanesrebidos.

1447 4986 1669 5087 eorumque
1685 5009 1843 5066 morsus
1855 4998 1895 5067 et
1906 4988 2141 5091 pestilentiae
2151 4986 2272 5080 luem,

1448 5104 1493 5173 ut
1513 5093 1734 5173 liberentur
1751 5094 1803 5174 ab
1819 5095 2008 5175 emnibus
2023 5094 2275 5175 adversitdti·

1448 5202 1541 5291 bus,
1562 5200 1769 5281 meleficiis
1781 5210 1823 5282 et
1836 5202 2154 5305 egritudinibus.
2171 5202 2276 5282 Mul·

1448 5308 1596 5411 tiphos,
1627 5309 1799 5389 Demine
1827 5310 1947 5407 Deus,
1976 5309 2275 5390 benedictienes

1451 5428 1539 5496 tuus
1551 5418 1897 5519 superPunesbos
1910 5418 2175 5506 omnes,sicut
2188 5416 2277 5497 stel-

1450 5522 1510 5603 las
1522 5524 1625 5615 coeli,
1643 5534 1683 5605 et
1699 5527 1877 5623 arenam,
1899 5548 1989 5627 quae
2006 5534 2066 5605 est
2081 5526 2122 5602 in
2142 5524 2275 5603 littore

1451 5632 1587 5727 maris,
1608 5641 1652 5711 ut
1668 5656 1718 5713 ox
1744 5632 1856 5711 vultu
1882 5632 2027 5712 dirime
2060 5632 2275 5734 biajestetis

1450 5750 1543 5836 tuae,
1564 5748 1669 5819 etex
1685 5739 1840 5819 meritis
1859 5740 2096 5821 Sancterum
2116 5741 2274 5819 merum

1450 5847 1635 5928 virtutem
1648 5857 1908 5927 tuamcontra
1920 5846 2275 5949 immendosspiri·

1452 5964 1714 6035 tusetcontra
1726 5954 1878 6034 rebiem
1889 5955 2087 6057 canesque
2099 5954 2272 6045 rabidos,

1450 6062 1669 6164 eorrimque
1681 6085 1839 6143 morsus
1852 6063 2008 6167 possint
2018 6063 2212 6166 decipere,
2224 6060 2273 6139 ad

1451 6170 1729 6273 expellendum
1747 6170 1797 6251 de
1815 6170 2082 6252 tabernecuiis
2104 6167 2274 6249 inmole-
