5325 7200
542 767 567 838 2
1159 761 1230 838 liic
1250 761 1298 838 iu.
1325 768 1363 836 et
1381 783 1418 839 x.
1440 759 1685 838 Decembris.

543 925 720 1006 Christi:
762 933 806 1006 ut
828 929 911 1028 jam
948 947 1026 1004 non
1061 925 1185 1003 simus
1215 922 1368 1026 pirvuli

493 1061 499 1090 ι
542 1034 791 1123 fluctuantes,
825 1044 865 1112 at
895 1033 1223 1112 circumterimur
1258 1029 1369 1110 omni

543 1151 660 1221 vento
678 1140 869 1222 doctriuae
883 1142 923 1220 in
941 1141 1117 1244 nequitia
1144 1139 1368 1236 himinum,

541 1249 583 1326 in
597 1248 740 1328 aetitia
752 1249 803 1326 ad
816 1247 1367 1328 circumientidnemerrdris.

542 1355 1368 1440 Veritatemautemfacientesincharittte.

543 1463 767 1542 crescimus
794 1463 834 1540 in
854 1465 923 1545 illo
945 1488 1014 1567 per
1040 1464 1190 1560 omnia,
1217 1465 1286 1567 qui
1310 1469 1371 1541 est

544 1580 664 1675 caput
681 1571 876 1651 Christus.

596 1681 805 1760 Gratluale.
846 1681 910 1759 l's.
948 1685 1008 1758 ii.
1048 1679 1287 1781 Liqrrcficta
1313 1686 1372 1757 est

545 1801 663 1877 terra,
698 1797 736 1868 et
773 1786 1017 1869 confirmita
1049 1799 1141 1866 sunt
1175 1786 1373 1865 colimnoe

545 1901 663 1998 ejus:
696 1895 977 1975 exaltabimur
1013 1895 1162 1974 cornua
1194 1895 1304 1992 justi.
1327 1897 1366 1994 i.

547 2007 610 2082 l's.
631 2007 691 2081 32.
720 2005 839 2083 Beita
855 2026 963 2104 gens,
981 2005 1092 2104 cuius
1106 2011 1165 2081 est
1180 2001 1374 2081 Dominus

547 2113 655 2192 Dans
682 2115 793 2213 ejus:
830 2111 1015 2212 populus,
1045 2131 1164 2212 quem
1192 2109 1308 2212 clegit
1331 2111 1371 2186 in

545 2219 815 2299 traeredititem
837 2214 927 2296 sibi.

596 2327 791 2416 ullaulla,
812 2325 1040 2425 alleluiati.
1070 2326 1136 2406 Pa.
1162 2329 1223 2404 tt.
1250 2324 1374 2403 Bene·

546 2436 624 2532 dic,
645 2435 829 2529 Diminc,
850 2432 1072 2513 haereditdti
1092 2441 1197 2526 tuam
1227 2443 1267 2512 et
1284 2455 1375 2535 rego

546 2566 628 2640 eos,
646 2553 686 2622 et
702 2541 845 2621 extolle
860 2542 951 2620 illos
966 2563 1092 2642 usque
1107 2540 1147 2618 in
1163 2541 1370 2622 aternum.

505 2673 511 2686 ·
546 2650 727 2729 Alleldia.

596 2759 758 2857 living„
802 2756 988 2858 vigilite,
1022 2771 1060 2840 ot
1094 2759 1367 2860 Oil'ortorium,

547 2866 707 2955 Virites,
735 2889 780 2942 cx
808 2877 1028 2948 memorata
1063 2870 1197 2968 lilissa,
1234 2869 1373 2948 Sacer·

547 2973 673 3054 ddtes.

873 3082 1045 3164 Secreta.
1179 3123 1181 3128 .

527 3227 531 3242 .
621 3211 664 3266 nt
678 3188 749 3268 tibi
767 3189 933 3269 minere
950 3189 992 3267 in
1010 3188 1233 3270 venerinda
1247 3189 1373 3269 sancti

548 3211 616 3384 Τ
639 3295 841 3376 Pontificio
858 3296 916 3375 tui
935 3295 1049 3398 Eligit
1068 3297 1259 3375 memoria
1278 3294 1374 3375 offa-

547 3402 693 3494 rentes.
725 3403 1000 3506 implorimus‚
1035 3403 1219 3499 deine,
1248 3404 1374 3484 conti·

547 3533 637 3590 nuae
654 3521 732 3591 tua
753 3513 1008 3614 protectionis
1026 3511 1216 3590 auxilium
1234 3539 1242 3590 ε
1268 3520 1312 3590 ut
1329 3512 1372 3589 in

546 3620 626 3698 vita
643 3621 715 3699 tibi
730 3621 847 3721 digne
862 3620 1058 3709 lamuldri
1074 3622 1164 3699 etin
1184 3631 1312 3699 morte
1323 3618 1374 3699 de

547 3750 619 3829 spe
656 3727 929 3807 retributionis
967 3728 1124 3807 aettrnae
1162 3727 1373 3807 exhilariri

547 3834 786 3913 meredmur.
809 3835 884 3913 Per
901 3834 1132 3913 Dominum.

596 3940 849 4035 Communia.
874 3942 935 4023 Ps.
952 3946 1013 4023 88.
1039 3941 1168 4025 Semel
1184 3942 1313 4043 jurivi
1331 3942 1374 4019 in

551 4056 688 4129 sancto
723 4070 839 4130 meo:
868 4070 1003 4127 semen
1022 4051 1106 4151 ejus
1123 4048 1163 4126 in
1182 4049 1374 4129 aeternum

549 4156 753 4237 manebit:
782 4166 822 4237 et
843 4155 957 4238 sedes
988 4158 1073 4259 eJus
1109 4158 1210 4237 sicut
1244 4158 1304 4238 sol
1331 4160 1374 4237 in

547 4266 762 4450 gzpspectu
788 4288 892 4364 meo,
923 4274 963 4345 et
984 4266 1094 4345 testis
1126 4266 1167 4343 in
1199 4266 1298 4347 coelo
1329 4269 1374 4345 n-

614 4396 661 4453 rs.

792 4484 1128 4568 Postcommnnio.

626 4613 828 4670 uurrorrus
860 4592 1100 4696 sempiterne
1134 4592 1268 4691 Deus,
1304 4596 1373 4697 qui

549 4610 618 4792 Ο
650 4695 701 4775 ad
732 4697 961 4778 solvendam
979 4698 1154 4801 gentium
1173 4702 1373 4804 captiviti·

549 4813 630 4883 tem
651 4816 832 4885 sanctum
860 4807 1029 4909 litigium
1049 4809 1280 4889 Pontificem
1300 4810 1374 4887 nri·

549 4912 802 4993 sericdrditar
831 4913 1057 5017 depulisti:
1094 4918 1293 5007 concide,
1330 4926 1375 4996 ut

549 5023 634 5121 ejus
658 5019 821 5099 salutiri
851 5022 1123 5125 prasidio-sic
1150 5024 1376 5105 meradmur

549 5137 688 5207 contra
719 5127 852 5208 hostes
885 5152 1066 5235 quosque
1106 5130 1375 5212 efficacissime

550 5234 722 5331 defendi,
741 5236 839 5313 utin
857 5236 963 5317 exitu
981 5248 1131 5329 nostro,
1152 5240 1262 5321 omni
1281 5240 1377 5319 libe·

549 5344 624 5423 rati
655 5342 880 5440 tormidine,
906 5346 1069 5427 excelsae
1087 5356 1163 5428 tuae
1181 5349 1375 5449 Majesttti

548 5452 687 5539 sentire
711 5451 942 5553 praesentdri
970 5454 1185 5535 taleimus.
1208 5456 1282 5536 Per
1300 5456 1377 5534 Βό-

550 5580 717 5639 minum.

645 5794 1107 5966 suintillae.
1129 5884 1283 5967 utar.

1786 924 1938 1002 Oratio.

1494 1053 1734 1128 urracassro,
1793 1051 2023 1132 quaesumus
2080 1033 2267 1124 Domine.

1512 1140 1637 1219 betta
1656 1139 1857 1236 Birbarae,
1879 1139 2049 1243 Virginis
2071 1151 2113 1221 et
2137 1141 2271 1245 iiiut·-

1455 1249 1512 1327 ris
1528 1258 1621 1344 tuoe,
1642 1247 1693 1326 ab
1711 1248 1822 1328 omni
1841 1270 1915 1326 nos
1932 1248 2172 1328 adversitite
2189 1255 2273 1352 pri·

1455 1366 1558 1458 tegat
1576 1385 1585 1432 :
1606 1365 1649 1434 ut
1666 1377 1744 1458 per·
1756 1359 1839 1458 eJ'us
1854 1356 2121 1436 interventum
2138 1358 2274 1459 glorio·

1456 1463 1656 1542 slssimum
1676 1464 1916 1543 sacrosiuoti
1926 1463 2117 1565 Corporis
2130 1475 2171 1544 et
2183 1465 2276 1544 stn-

1456 1571 1586 1676 gninis
1619 1571 1782 1650 Domini
1829 1571 1954 1650 nostri
2001 1571 2097 1651 lesu
2136 1572 2275 1652 Christi

1457 1679 1758 1759 Sacramentum
1776 1687 1868 1757 ante
1886 1679 1991 1757 diem
2011 1679 2141 1759 exitus
2158 1683 2276 1761 nostri

1456 1810 1528 1889 per
1570 1809 1704 1864 veram
1748 1786 2023 1889 poenitdntiam
2062 1798 2104 1866 et
2140 1810 2276 1890 puram

1457 1893 1751 1974 contessionem
1784 1895 1989 1996 percipere
2039 1895 2273 1974 mercturam.

1459 2004 1533 2080 Per
1550 2000 1735 2080 eimdem
1752 2002 1983 2081 Dominum.

1783 2111 1956 2189 Secreta.

1542 2241 1643 2297 osrrt
1676 2213 1945 2303 immaculita.
1974 2239 2054 2318 qua
2080 2213 2182 2294 illud
2207 2215 2279 2296 nt

1460 2241 1536 2412 H
1568 2328 1666 2406 mini
1686 2329 1811 2406 nostri
1829 2328 1924 2407 lesu
1945 2325 2093 2405 Christi
2115 2327 2276 2405 immin·

1458 2450 1511 2512 sae
1530 2435 1734 2515 clraritdtis
1754 2459 1857 2537 opus
1874 2435 2127 2529 renovamus,
2146 2446 2274 2512 sancta

1460 2544 1635 2622 Birbara
1652 2541 1936 2630 intercedente,
1963 2541 2015 2620 sit
2032 2554 2172 2621 contra
2197 2564 2275 2620 om-

1458 2675 1529 2730 nes
1546 2651 1724 2752 corporis
1742 2660 1781 2730 et
1799 2649 1943 2729 animae
1956 2648 2209 2730 infirmitites
2225 2673 2277 2728 sa·

1458 2760 1586 2839 lutire
1604 2757 1839 2845 remidium,
1855 2767 1896 2836 et
1912 2757 1954 2834 in
1967 2755 2146 2837 extremo
2159 2757 2277 2859 agino

1460 2867 1645 2947 solitium
1668 2877 1704 2944 et
1724 2867 1859 2944 titela.
1887 2865 1963 2944 Per
1991 2865 2178 2943 erimdem
2207 2865 2278 2944 lid

1415 3046 1418 3081 ,
1459 2975 1626 3053 minum.

1708 3079 2045 3158 Postcommunio.

1533 3211 1577 3266 an
1610 3189 1695 3268 lraec
1728 3186 1902 3264 coelistio
1934 3186 2156 3276 alimenta,
2195 3209 2278 3288 quac

1463 3212 1529 3383 P
1566 3295 1780 3374 salutirem
1798 3293 1924 3372 hetta
1942 3293 2115 3395 Virginis
2129 3303 2169 3373 et
2183 3294 2278 3372 itar-

1458 3403 1556 3500 tyris
1591 3401 1777 3480 Birbarae
1814 3400 2050 3478 memoriam
2082 3400 2279 3480 celebriu-

1459 3519 1532 3601 tes‚
1565 3511 1630 3613 pia
1663 3508 1872 3588 devotidne
1905 3506 2180 3610 suscepimus,
2206 3507 2278 3596 da.

1459 3640 1702 3718 quaesumus,
1723 3618 1919 3695 Domine:
1950 3624 1995 3693 ut
2006 3615 2047 3693 in
2063 3616 2163 3697 hora
2180 3640 2281 3696 mor·

1459 3728 1510 3805 tis
1529 3740 1675 3805 nostrae
1692 3723 1960 3806 sacramentis
1977 3724 2127 3813 relicti.
2147 3737 2187 3803 et
2204 3724 2280 3803 cul·

1458 3834 1522 3935 pis
1538 3832 1727 3912 omnibus
1744 3831 1903 3935 expiiti.
1923 3831 1965 3907 in
1984 3832 2118 3909 sinum
2137 3832 2281 3911 miseri-

1457 3941 1603 4021 cordia
1618 3940 1784 4021 tuaetaeti
1798 3937 1946 4041 siscipi
1958 3941 2197 4019 mercimur.
2212 3941 2280 4019 Per

1459 4048 1688 4129 deinum.

1819 4275 1878 4329 DIB
1903 4277 1940 4328 X.

1458 4375 1531 4455 SS.
1565 4368 1862 4451 tuttuoutnt
1893 4369 1959 4448 ΕΤ
1987 4370 2101 4450 SOC.
2131 4368 2277 4449 cont.

1514 4481 1719 4576 latronis,
1756 4477 1932 4580 Epistola
1962 4488 2000 4557 ot
2033 4475 2282 4578 Et'nngclium

1464 4615 1511 4667 nx
1529 4589 1659 4684 Missa,
1690 4587 1819 4668 iustus
1845 4596 1890 4666 ut
1906 4584 2055 4688 palma,
2095 4584 2145 4663 do
2174 4584 2281 4663 Com·

1465 4696 1577 4777 muni
1595 4697 1708 4777 Conf.
1734 4716 1814 4774 non
1831 4694 1945 4772 Pont.

1708 4843 1713 4853 ·
1804 4801 1956 4882 Oratio.

1536 4937 1663 5002 numo,
1685 4913 1872 5001 Domine,
1904 4908 2056 5015 populo
2082 4918 2166 4995 tuo,
2193 4928 2280 4985 cum

1565 5021 1794 5100 sanctirum
1824 5019 1984 5098 ladrum
2013 5012 2228 5095 landoaldi
2246 5026 2283 5090 et

1461 5126 1671 5208 Sociorum
1687 5131 1773 5227 ejus
1790 5125 2013 5230 patrocinio
2024 5120 2280 5225 supplicanti:

1462 5248 1506 5317 ut
1516 5236 1626 5339 quod
1636 5234 1801 5339 propria
1813 5234 2049 5314 liddcianon
2065 5228 2282 5333 praenimia

1462 5342 1762 5445 suli'ragintium
1812 5341 1964 5421 miritis
2004 5338 2280 5439 consequitur.

1463 5453 1539 5533 Per
1556 5451 1787 5531 Dominum.

1516 5556 1724 5639 Graduale.
1741 5558 1866 5639 Exodi
1879 5562 1937 5635 15.
1958 5554 2161 5636 Gloridsus
2181 5550 2285 5632 Deus

1420 5681 1424 5804 t
1463 5669 1505 5745 in
1519 5667 1673 5791 §auctis
1688 5667 1770 5745 suis
1784 5696 1794 5791 Ξ
1810 5664 2003 5794 ῐηίἢτὺὺίἰίε
2015 5666 2056 5743 iu
2067 5660 2283 5785 majestite.

1422 5819 1425 5886 p
1463 5778 1611 5854 ticieus
1638 5774 1832 5877 prodigia.
1857 5797 1895 5872 p.
1912 5773 2083 5852 Dextera
2103 5781 2187 5867 tua,
2208 5768 2285 5847 Do·

1465 5884 1585 5971 mine,
1606 5882 1944 5982 glorificitaestin
1957 5880 2115 5973 virtite,
2128 5878 2285 5957 (liutara

598 5990 1370 6100 nassauoqutbarutecommuniviro.
1423 6019 1427 6082 t
1466 6014 1607 6071 manus
1625 6002 1691 6069 tna
1708 5992 1899 6094 confregit
1915 5988 2113 6071 inimicos.

546 6100 1072 6199 ilari..,praetcrOrationes·

1424 6087 1431 6197 i
1517 6096 1946 6193 Allelt'ria,allelt'1ia.l.
1976 6098 2036 6174 Pa.
2069 6100 2130 6175 88.
2156 6094 2284 6177 Const-
