5325 7200
637 1015 704 1090 Die
718 1019 815 1116 xxxj.
837 1019 1061 1118 Augustis.
1079 1020 1274 1100 Mansueti.
1602 1039 1624 1106 t

318 1163 409 1234 ltart.
438 1161 543 1234 utin
572 1159 699 1256 Brea,
732 1160 867 1238 deinde
898 1165 937 1236 S.
1023 1163 1080 1237 ild
1100 1165 1219 1240 Laud.
1248 1191 1349 1240 com.
1370 1167 1434 1242 SS.
1451 1170 1564 1256 Mart.
1584 1187 1627 1246 ut

318 1261 423 1336 fiacrii
439 1257 876 1340 Anachnuasnniltbo.
900 1263 937 1342 tl.
974 1261 1014 1336 in
1028 1265 1295 1358 Brev.‚deinde
1308 1267 1502 1363 ssiacrii,
1516 1271 1626 1346 Conf.

319 1364 451 1442 tutrit.
468 1359 612 1433 Oratio.
632 1361 729 1440 Deus
745 1367 810 1466 qui
836 1391 916 1441 nos.
974 1360 1067 1437 Ana.
1081 1375 1198 1476 Euge,

505 1459 638 1534 Lectio
662 1461 711 1534 ix.
1022 1461 1135 1566 Vesp.
1155 1461 1203 1540 de
1214 1488 1312 1568 seq.,
1332 1490 1430 1542 com.
1450 1467 1610 1567 praeced.

336 1561 374 1632 lle
400 1557 460 1633 SS.
480 1559 591 1634 Mart.
622 1573 661 1632 et
683 1562 722 1635 S.
751 1561 911 1652 Fiacrio,
1044 1573 1125 1646 DIE
1149 1573 1294 1648 XXXI.
1324 1571 1543 1650 AUGUSTt,

414 1657 574 1752 (duabus
604 1659 642 1734 in
669 1661 816 1758 unam).
974 1657 1011 1734 S.
1039 1663 1247 1757 Mansueti,
1270 1665 1382 1743 Conf.
1414 1669 1623 1744 Leucorum

381 1787 500 1856 tcuus,
520 1765 585 1862 qui
604 1777 643 1838 et
656 1767 797 1858 Petrus,
814 1768 853 1840 in
870 1769 938 1842 Hi-
1170 1765 1286 1838 Primi
1299 1767 1424 1864 Episc.

317 1771 515 1950 Fbe’rnia,
568 1889 654 1938 uam
678 1866 822 1942 ueteres
847 1867 939 1942 Scir·
1058 1859 1204 1961 Duplex
1220 1891 1259 1962 ι]
1281 1863 1329 1938 cl.
1350 1891 1439 1942 cum
1453 1866 1537 1943 Oct.

315 1965 386 2036 tiam
406 1961 553 2061 appelld
582 1977 669 2054 ant,
691 1964 808 2040 ndbili
827 1981 938 2040 natus
1024 1963 1065 2036 ln
1079 1963 1110 2062 j.
1138 1962 1338 2063 VesperiS‚
1358 1966 1496 2050 Psalmi
1518 1983 1563 2043 ut
1587 1970 1626 2040 in

313 2061 439 2162 ge'nere,
460 2059 664 2136 bleldasad
681 2061 854 2140 sanctum
874 2069 937 2140 Fa·
975 2061 1103 2138 Pestis.
1124 2061 1213 2137 Aiiae
1241 2077 1280 2138 et
1296 2065 1415 2163 Capit.
1436 2065 1484 2141 de
1503 2067 1623 2144 Laud.

313 2161 445 2252 rdnem,
469 2159 647 2236 solitiriae
675 2165 759 2238 vitae
788 2165 936 2240 desidi}a
1210 2163 1393 2260 Hymnus.

313 2261 378 2348 rio,
394 2283 478 2334 cum
497 2259 642 2360 dliquot
657 2263 765 2338 sdciis
794 2265 900 2338 venit
927 2294 935 2338 :
1042 2281 1202 2338 senaron
1220 2264 1323 2338 orbis
1340 2283 1563 2368 prepotens.

313 2359 396 2456 cujus
445 2360 543 2432 votis
592 2361 764 2438 innuens
806 2362 938 2438 betrus
1058 2361 1129 2454 Qui
1148 2363 1569 2444 lucevanasme'ntium

312 2457 486 2550 Pintilex,
518 2457 645 2532 locum
673 2461 804 2560 procul
830 2489 854 2536 a
875 2477 938 2538 tu·
972 2461 1134 2558 Depe‘llis
1154 2461 1319 2558 umbras,
1339 2479 1377 2538 et
1393 2467 1477 2540 iera

313 2557 415 2630 multu
428 2571 467 2631 et
487 2557 600 2656 sylvis
618 2561 903 2637 circumtectum
927 2621 935 2655 ‚
974 2558 1043 2652 Qui
1061 2559 1175 2634 corda
1193 2561 1340 2637 Christo
1353 2564 1519 2664 subjicis,

312 2657 552 2754 epatrimdnio
569 2682 655 2746 suo,
676 2661 828 2734 ndmine
845 2661 938 2735 Brb-
976 2658 1094 2732 Nostri
1112 2661 1299 2752 misertus,
1320 2661 1438 2738 deviis

313 2755 433 2854 gilum,
465 2755 520 2829 illi
546 2758 740 2832 concessit.
769 2761 825 2834 lbi
854 2761 938 2834 Fit·
973 2755 1190 2855 Apdstolum
1207 2773 1248 2833 tu
1266 2760 1461 2837 destines:

312 2855 416 2944 enus,
443 2855 579 2930 evulsis
604 2855 823 2951 arbtribus,
855 2885 939 2934 mo·
971 2856 1161 2932 Foecdnda
1177 2861 1314 2932 sanctis
1331 2861 1455 2937 insula

314 2955 493 3028 antinum
511 2955 552 3028 in
571 2955 756 3032 hondrem
782 2960 939 3034 sanctis·
973 2957 1121 3030 Patrem
1141 2956 1325 3057 jubtir'que
1366 2962 1509 3038 rdtulit.

313 3053 395 3126 dne
421 3054 586 3156 Virginis
602 3058 853 3146 constriuit,
899 3061 938 3132 in
977 3055 1171 3131 Freme'nte
1190 3058 1311 3132 multa
1328 2985 1510 3152 (lemane,

313 3169 374 3248 quo'
430 3153 602 3254 regi-inas
629 3169 668 3228 et
692 3155 856 3258 hdspites
873 3183 939 3232 ex·
972 3157 1147 3230 Nostram
1165 3158 1321 3231 veterno
1340 3159 1544 3236 criminum

313 3251 389 3348 cipie'
414 3265 477 3342 at,
505 3253 643 3354 exigua
675 3255 745 3330 sibi
785 3259 938 3332 sedrsim
973 3255 1166 3356 Turpique
1183 3281 1348 3354 pressam
1366 3258 1537 3362 subjugo

314 3349 472 3426 edilicdta
509 3351 639 3426 domo.
680 3355 773 3428 Cum
812 3371 938 3431 autem
973 3353 1148 3452 Gentem,
1169 3354 1356 3456 benignus
1373 3359 1497 3457 eripit.

315 3451 470 3524 virtutum
497 3451 579 3550 ejus
594 3451 699 3527 lama
725 3455 836 3556 longe
862 3456 939 3530 dii·
979 3449 1116 3528 Nostris
1132 3455 1261 3554 procul
1279 3455 1326 3530 de
1344 3454 1488 3532 finibus

316 3547 541 3644 funderetur,
587 3551 841 3655 undequique
891 3557 939 3631 ad
960 3554 1119 3629 :Errdris
1136 3554 1290 3629 umbras
1307 3553 1473 3655 dipulit;

315 3672 384 3723 eum
425 3650 716 3728 adducebantur
763 3655 937 3745 infirmi,
974 3654 1022 3727 Et
1038 3655 1102 3753 qui
1117 3654 1324 3729 manibant
1340 3656 1476 3755 impios

318 3772 391 3845 quos
418 3750 495 3824 sola
529 3776 665 3827 manus
702 3755 940 3853 impositidne
973 3754 1080 3827 Ritus
1097 3753 1253 3827 dedrum
1269 3755 1431 3829 sristulit.

314 3849 439 3923 editu
458 3850 694 3927 restitue'bat.
709 3854 795 3928 Fuit
810 3855 843 3929 ei
858 3858 942 3929 stnn
980 3850 1112 3927 Esindo
1130 3854 1249 3927 mixta
1261 3852 1414 3927 lle'tibus

316 3948 407 4115 price
432 3948 658 4047 conjunctus
680 3950 811 4027 besltus
837 3954 940 4029 Chil·
973 3952 1181 4054 Spargebat
1198 3952 1288 4027 olim
1306 3954 1452 4028 se'mina

327 4044 424 4141 insu,
455 4074 481 4122 a
497 4064 629 4125 sancto
650 4051 794 4127 Farbne
810 4054 941 4153 pbstea
974 4052 1205 4143 liansuetus3
1229 4066 1268 4125 at
1285 4076 1388 4126 nunc
1404 4054 1568 4153 gestiens

318 4146 425 4222 missus
462 4148 515 4223 ad
556 4148 789 4227 Atrebates:
827 4178 939 4253 quern
976 4150 1314 4249 lntratsupernsm
1331 4152 1488 4252 regiam.

317 4242 458 4321 Rumina
484 4250 790 4350 peregrinatibne
816 4278 941 4327 rever·
978 4248 1080 4343 Quos
1098 4248 1337 4349 praedicdndo
1353 4251 1509 4325 messuit

320 4344 434 4420 te'utern
467 4348 636 4447 susce'pit
675 4351 865 4441 userius,
904 4367 942 4428 et
974 4348 1118 4424 Labdre
1136 4363 1262 4471 partos
1278 4345 1457 4463 plurimo,

319 4446 399 4541 apud
425 4472 461 4521 se
498 4448 658 4523 retinuit
681 4448 901 4549 aliquindiu
930 4510 938 4543 ,
977 4452 1054 4524 Deo
1073 4448 1193 4523 fidelis
1210 4448 1356 4523 vilhcus

319 4566 386 4617 cnut
407 4546 483 4645 ipso
511 4546 648 4621 divinis
665 4549 858 4649 colldquiis
873 4576 943 4625 va·
976 4550 1097 4623 Laetus
1107 4544 1292 4647 maniplos
1309 4546 1475 4622 exhibet.

318 4644 454 4719 catdrus.
473 4648 667 4726 lllirsiculis
684 4648 863 4737 illustris,
884 4650 941 4724 la·
979 4648 1097 4739 Quam
1116 4672 1253 4746 nempe
1268 4647 1454 4746 plantduit
1466 4648 1573 4737 fides,

320 4736 410 4816 be'nte
424 4744 559 4819 seculo
572 4746 743 4845 septimo,
760 4750 839 4823 vita
855 4750 943 4823 fun·
970 4746 1142 4848 'lugentis
1155 4745 1274 4821 instar
1286 4744 1445 4835 drboris,

320 4852 383 4912 ctus
407 4842 471 4919 est'.
505 4846 650 4944 Corpus
678 4847 778 4946 ejus,
815 4848 943 4923 multis
975 4845 1145 4939 AEtdrna,
1166 4870 1292 4921 ramos
1309 4846 1512 4945 explicans,

321 4936 391 5012 inde
404 4944 570 5041 sectilis,
589 4943 639 5017 ad
656 4947 850 5021 ecclesiam
877 4972 944 5023 ca·
977 4944 1178 5022 Umbribit
1194 4970 1312 5045 usque
1329 4946 1511 5045 Vosdgos.

321 5032 503 5117 bedrttem
533 5042 763 5119 Meldensem
786 5044 944 5121 transl'si·
983 5040 1056 5121 Uni
1071 5046 1120 5119 sit
1136 5060 1174 5119 et
1192 5046 1292 5119 trino
1305 5046 1385 5117 Deo
1464 5136 1470 5143 .

322 5146 385 5209 tum
401 5156 464 5233 est,
482 5168 533 5217 ne
552 5142 592 5215 in
608 5142 703 5217 illud
721 5145 942 5239 Calvinisini,
978 5145 1161 5245 Suprdma
1178 5142 1272 5235 laus,
1289 5166 1480 5218 summum
1498 5140 1627 5234 decus,

322 5242 689 5342 promoresuo,impie
700 5243 943 5319 desevirent:
979 5247 1032 5317 De
1050 5258 1160 5317 nocte
1174 5243 1237 5341 qui
1256 5267 1325 5316 nos
1343 5242 1391 5315 ad
1408 5266 1483 5316 suae

322 5330 405 5409 locus
421 5353 545 5415 tamen
564 5344 685 5417 sancti
702 5341 947 5421 Anachore'tae
980 5346 1123 5417 Lumen
1139 5343 1286 5417 cocinit
1298 5341 1438 5443 gibriae.
1453 5339 1587 5415 Arnen.

322 5435 456 5533 rsugiis
467 5454 507 5514 et
522 5443 809 5517 conversatidne
821 5466 945 5519 conse·
983 5444 1018 5521 l.
1038 5442 1201 5543 Pdpulus
1219 5466 1332 5541 quern
1351 5443 1484 5543 igndro
1498 5440 1635 5515 serviet

321 5530 438 5627 tritus,
453 5564 593 5642 magno
660 5540 833 5641 pulcrum
855 5567 949 5618 con·
966 5542 1089 5616 'mihi
1105 5552 1140 5639 nl.
1154 5540 1235 5615 Filii
1255 5540 1518 5634 alie'niauditu
1533 5540 1636 5614 auris

321 5628 411 5709 rursu
433 5638 661 5739 frequentari
689 5664 764 5717 non
782 5640 905 5717 de'siit.
961 5628 1160 5725 lobedient
1175 5640 1282 5717 milri.
