5325 7200
860 786 977 865 Missa
998 788 1131 867 i'otiru
1148 788 1196 865 du
1216 789 1489 889 imperatione.
2040 794 2061 865 'i

353 976 430 1031 nem
458 974 568 1033 suum
595 977 607 1042 ;
643 948 786 1051 reliqui
812 972 907 1030 reru
937 949 1157 1031 tenuerunt

352 1084 472 1139 servos
501 1063 600 1161 ejus,
641 1064 682 1135 et
714 1056 969 1138 contumeliis
993 1056 1156 1137 affectos

352 1168 584 1246 umidemnt.
602 1166 686 1243 Rex
703 1172 836 1244 sutem
854 1188 946 1243 eum
964 1164 1154 1263 audisset,

351 1272 461 1351 iritus
477 1283 536 1353 est
549 1294 567 1364 ς
580 1282 621 1351 et
638 1269 772 1348 missis
788 1271 1030 1351 exercitibus
1057 1271 1155 1369 suis,

351 1380 510 1482 perdidit
526 1376 749 1457 homicides
766 1376 873 1474 iiius,
892 1386 932 1457 et
960 1378 1158 1457 civitttem

350 1485 495 1565 itibrum
535 1484 754 1565 sueetndit.
796 1486 909 1563 Tune
951 1486 1008 1565 uit
1034 1488 1158 1565 servis

351 1594 439 1673 suis:
455 1592 608 1695 Niptiae
621 1591 784 1693 quidem
797 1592 947 1694 parttm
964 1602 1070 1689 suut,
1087 1592 1158 1671 sed

351 1702 409 1802 qui
433 1702 581 1781 iuuitbti
599 1710 715 1779 eruut
741 1722 822 1778 nou
840 1700 1001 1780 iueruut
1032 1700 1154 1803 digni.

352 1810 401 1887 ite
430 1832 519 1911 ergo
550 1809 604 1887 ad
637 1806 765 1885 exitus
789 1806 956 1905 tibrum,
983 1815 1024 1885 et
1039 1830 1158 1908 quos·

351 1916 503 2019 simque
529 1913 765 1995 inveniritis
798 1914 939 1993 roctte
969 1913 1022 1993 ud
1087 1912 1160 1993 mi·

351 2022 502 2125 ptiusiit
518 2022 666 2126 egressi
680 2021 781 2101 serui
799 2026 884 2124 ejus
896 2024 939 2100 in
955 2024 1053 2120 rius,
1067 2046 1159 2101 cou-

350 2132 592 2232 greguviruut
609 2150 751 2210 omues
768 2151 873 2229 quos
901 2129 1153 2225 invenerunt,

351 2239 463 2318 malos
487 2250 526 2317 et
542 2238 687 2331 bonos,
707 2244 747 2315 et
763 2235 940 2336 impiitae
963 2244 1056 2315 sunt
1081 2235 1154 2314 mi·

351 2346 430 2445 ptite
462 2344 812 2425 discumbentium.
834 2345 1000 2427 intrivit
1022 2355 1155 2425 sutem

352 2476 408 2531 rex
424 2463 465 2533 ut
479 2452 631 2532 videret
660 2450 970 2550 discumbentes,
990 2460 1031 2532 et
1058 2453 1157 2533 vidit

351 2560 398 2637 ibi
413 2560 612 2639 irbminem
638 2582 720 2639 nou
745 2560 931 2639 vestitum
951 2568 1059 2640 veste
1083 2583 1156 2639 nu·

351 2667 461 2767 ptiili.
496 2668 546 2747 Et
562 2668 619 2747 ait
644 2667 732 2745 iiii:
766 2667 917 2765 Amice,
951 2666 1155 2769 qubmodo

351 2776 419 2852 buc
448 2775 603 2855 intristi
622 2796 703 2855 uon
730 2774 884 2855 habeus
900 2784 1051 2856 uestem
1083 2797 1156 2855 uu-

351 2881 493 2981 ptiilem
506 2885 526 2959 i
541 2884 592 2962 itt
608 2882 678 2961 iiie
698 2881 913 2960 obmutuit.
934 2881 1046 2961 Tune
1058 2882 1156 2961 dixit

352 2988 423 3065 iter
433 2988 644 3069 ministris:
668 2988 816 3089 bigitis
831 2988 1019 3069 minibus
1036 2998 1076 3068 et
1088 2989 1156 3091 pb

352 3093 454 3175 uibus
482 3100 582 3197 ejus,
615 3096 760 3176 mittite
785 3118 877 3175 eum
902 3097 945 3176 in
970 3096 1156 3178 tenebras

352 3202 572 3295 exteribres3
606 3204 663 3281 ibi
696 3206 772 3284 erit
787 3204 905 3283 fletus
935 3212 977 3284 et
1006 3205 1156 3285 stridor

352 3307 525 3388 dentium.
542 3310 657 3393 biuiti
670 3312 778 3390 euim
793 3322 888 3390 sunt
899 3310 1041 3410 vomu,
1058 3335 1155 3413 psu-

352 3414 381 3491 ci
396 3440 481 3497 sero
498 3417 626 3499 eiecti.
645 3419 791 3498 Credo.

390 3524 649 3606 (iitirtorium.
679 3529 716 3606 2.
753 3526 852 3608 iiiuc.
887 3532 920 3608 i.
962 3524 1151 3621 nimine,

352 3629 444 3712 Deus
480 3634 661 3714 bmnium
692 3636 874 3735 Crebtor,
900 3634 1091 3717 terribilis
1117 3642 1157 3712 et

352 3740 460 3838 furtis,
474 3745 605 3844 Justus
635 3751 676 3822 et
692 3741 932 3840 misericors,
953 3741 1022 3846 qui
1047 3739 1157 3820 soius

353 3867 388 3923 es
403 3847 525 3931 bonus
556 3851 654 3948 Rex,
675 3851 787 3930 solus
817 3861 1029 3952 prestans,
1046 3845 1155 3926 sulus

350 3955 474 4055 iustus,
492 3968 532 4038 et
548 3960 805 4060 omnipotens
821 3964 862 4036 et
878 3957 1064 4051 eternus,
1085 3953 1154 4054 qui

353 4059 480 4144 liberes
510 4067 634 4145 isreei
664 4065 717 4144 de
734 4064 846 4144 omui
877 4062 998 4159 maio,
1017 4059 1155 4165 beuipe

353 4171 569 4251 meriiicium
587 4195 663 4274 pro
689 4171 874 4251 universo
891 4168 1043 4274 pbpuio
1068 4179 1152 4265 tuo,

351 4283 385 4352 et
397 4279 540 4358 eustbdi
558 4291 713 4382 purtem
732 4289 857 4374 tuam,
877 4287 918 4357 et
933 4276 1151 4369 sanctifics;

351 4387 581 4490 contemptos
595 4396 634 4467 et
648 4385 903 4467 momtnttos
920 4384 1089 4488 rispiee,
1111 4392 1157 4463 ut

354 4490 614 4596 subrigentes
631 4494 726 4594 quie
743 4501 788 4572 tu
813 4515 857 4571 es
875 4491 986 4573 Deus
1002 4500 1152 4572 noster.

649 4602 821 4682 Secreta.

353 4721 524 4898 Sumus,
539 4727 784 4810 quaesumus,
801 4708 987 4806 Dimitte,
1006 4707 1058 4787 de
1075 4727 1157 4786 mt-

417 4833 466 4889 uu
482 4813 719 4894 humititttis
732 4824 893 4913 uestroe,
914 4815 1153 4896 sucrificium

351 4919 637 5018 propitiationis,
658 4933 698 5002 et
713 4932 888 5025 praeste3
909 4935 953 5002 ut
970 4921 1079 5024 quod
1110 4921 1151 4999 in

352 5017 523 5142 bonbrem
541 5029 630 5108 Filii
646 5031 703 5109 tui
723 5030 885 5110 Dimini
904 5029 1045 5126 nostri,
1066 5049 1150 5106 me·

349 5135 460 5222 restiti
478 5147 556 5217 tum
587 5138 821 5241 suppliciter
838 5137 1059 5234 offerimus,
1078 5159 1152 5239 per

352 5234 414 5316 boe
451 5245 604 5324 infinite
636 5268 727 5348 que
767 5254 933 5349 propter
983 5244 1150 5328 nimium

352 5360 445 5426 tuem
474 5352 513 5428 in
550 5375 624 5432 nes
659 5353 894 5432 ciruritbtem
920 5352 1063 5455 recipit
1079 5373 1151 5455 ou

353 5451 474 5546 limbis
488 5459 734 5562 reperimus.
753 5459 832 5558 Qui
846 5468 992 5541 tecum.

639 5569 831 5652 Praeiatio.

354 5687 453 5862 Per
484 5673 618 5754 bmniu
649 5675 793 5756 saecuia
828 5676 1077 5757 saeeulbrum.
1107 5685 1148 5785 tt.

433 5781 619 5884 Amemi.
647 5784 841 5866 Dbminus
868 5785 1088 5866 vobiscum.
1108 5791 1149 5890 ii.

354 5873 395 5956 Et
412 5907 497 5966 uum
522 5892 666 5994 spiritu
688 5900 773 5972 tuo.
794 5899 833 5996 ji.
869 5893 1036 5973 Sursum
1066 5913 1155 5974 eor·

354 5983 408 6066 dt·
447 5997 482 6093 ri.
518 5997 723 6079 flebimus
755 6000 808 6079 ud
847 5999 1079 6082 numinum.
1109 6009 1147 6107 it.

357 6091 491 6181 tritius
506 6105 669 6208 agimus
688 6106 861 6189 Dbmiuo
888 6107 973 6189 Deo
998 6117 1149 6189 nostro.
1252 6089 1407 6157 “4‘'2*·‘·2

1239 951 1278 1052 ἢ.
1322 948 1493 1051 Dignum
1528 956 1568 1029 et
1592 950 1743 1049 justum
1771 960 1843 1033 est.
1879 965 1978 1043 tere
2005 958 2063 1037 di·

1240 1078 1361 1157 gnum
1378 1064 1417 1135 et
1430 1057 1582 1155 Justum
1597 1065 1670 1153 est,
1686 1080 1845 1159 equum
1863 1070 1903 1141 et
1919 1063 2064 1145 suluti-

1240 1184 1299 1258 re,
1326 1184 1401 1241 nos
1418 1162 1492 1241 tibi
1512 1186 1672 1265 semper
1690 1172 1730 1243 et
1747 1166 1897 1268 ubique
1919 1172 2065 1273 gritias

1241 1269 1370 1371 igere,
1390 1269 1561 1349 Dbmine
1576 1280 1726 1369 sancte,
1746 1273 1864 1353 Puer
1881 1278 2064 1379 omnipo·

1241 1385 1343 1473 teus,
1363 1375 1510 1457 uterne
1529 1376 1650 1474 Deus,
1671 1402 1744 1481 per
1762 1380 1966 1463 Christum
1985 1385 2064 1467 Db-

1241 1485 1397 1564 minum
1416 1492 1614 1582 nostrum,
1632 1510 1771 1567 verum
1790 1491 2064 1596 eternumque

1242 1591 1489 1688 Pontificem,
1508 1601 1549 1672 et
1562 1592 1692 1673 solum
1711 1596 1796 1675 sine
1814 1598 1964 1698 perciti
1981 1601 2064 1679 mir·

1241 1698 1330 1777 ruis
1356 1698 1616 1797 sucerdbtem,
1633 1701 1746 1801 cujus
1764 1702 1954 1807 singuiue
1971 1706 2064 1789 iide-

1241 1805 1341 1884 lium
1359 1805 1480 1885 corda
1499 1806 1761 1902 munimntum
1778 1814 1891 1912 cujus
1907 1812 2064 1895 institu-

1242 1913 1366 2012 tibne,
1386 1912 1625 2015 pluentibuis
1643 1914 1715 1993 tibi
1734 1916 1886 1999 bbstias
1905 1942 1985 2001 uon
2001 1944 2066 2003 80⁴

1242 2018 1324 2098 lum
1340 2043 1415 2123 pro
1429 2018 1584 2099 deliciis
1598 2020 1752 2123 pbpuli‚
1769 2024 1841 2103 sed
1858 2026 1978 2105 etiam
1994 2053 2065 2131 pro

1242 2127 1392 2205 nostris
1433 2126 1740 2227 oii'ensibuibus,
1794 2132 2063 2217 immoibmus.

1243 2234 1320 2312 Per
1339 2256 1459 2335 quem
1477 2234 1724 2335 mejestttem
1755 2245 1864 2319 tuum
1902 2240 2068 2324 iaudent

1238 2344 2068 2445 Augeii,udbrsntDomiuetibues,tremunt

1240 2451 1484 2543 Potestites3
1513 2449 1612 2531 Coeli
1641 2450 1918 2553 ¹crebrumque
1935 2454 2067 2537 Virtu-

1239 2566 1315 2655 tes,
1332 2580 1380 2637 ιο
1396 2558 1513 2637 betta
1530 2557 1758 2661 Strupbim,
1779 2560 1886 2639 sbrie
1916 2563 2066 2647 exuitu-

1238 2666 1346 2745 tibue
1364 2664 1656 2745 concelebrant.
1664 2664 1765 2747 Cum
1778 2668 1924 2768 quibus
1941 2681 1980 2750 et
1998 2694 2067 2753 nu

1239 2784 1343 2853 strus
1359 2796 1489 2869 voees,
1510 2780 1554 2852 ut
1577 2772 1733 2853 admitti
1748 2774 1904 2875 jubeas,
1925 2776 2066 2881 depre-

1238 2880 1390 2976 ctmur,
1412 2877 1583 2983 supplici
1600 2878 1848 2961 couiessibue
1866 2882 2062 2967 dicentes:

1287 2990 1471 3082 Sanetus,
1510 2994 1696 3085 Sanetus,
1726 2998 1902 3079 sanctus
1932 2992 2067 3075 1)όωί-

1239 3118 1317 3174 nus
1329 3095 1437 3174 Deus
1453 3092 1643 3175 Stbuotb.
1663 3094 1778 3182 t'ieni
1797 3108 1890 3179 sunt
1912 3100 2001 3181 cmii
2026 3112 2068 3183 et

1243 3211 1351 3281 terra
1367 3200 1493 3304 glbriu
1510 3210 1592 3299 tus,
1613 3202 1806 3289 nostum
1823 3207 1864 3285 iu
1884 3210 2062 3291 excelsis.

1246 3310 1484 3390 benedictus
1517 3311 1586 3411 qui
1616 3310 1722 3390 venit
1740 3311 1782 3389 in
1800 3313 1961 3397 nbmiue
1984 3317 2065 3397 bu-

1250 3418 1364 3516 miui,
1380 3416 1569 3497 iiosinuu
1586 3419 1629 3497 in
1642 3416 1822 3501 exutisis.

1292 3527 1546 3615 commuuio.
1571 3538 1587 3612 i
1624 3536 1714 3622 Cori
1738 3542 1807 3636 it.
1827 3530 1973 3622 Probet
1995 3555 2065 3614 uu·

1241 3642 1322 3714 tem
1341 3633 1516 3736 seipsum
1535 3636 1670 3736 homo,
1687 3637 1798 3720 etsie
1812 3637 1978 3742 depane
1995 3639 2065 3722 illo

1241 3741 1346 3838 edat,
1362 3741 1464 3820 etde
1478 3742 1740 3838 oblicebibet;
1754 3747 1943 3848 quieuim
1954 3769 2066 3828 mun·

1239 3846 1363 3930 duent
1392 3857 1432 3928 et
1448 3848 1550 3931 bibit
1576 3851 1752 3954 indigue,
1765 3852 1959 3955 judicium
1987 3855 2064 3934 sibi

1240 3953 1456 4034 manducet
1500 3965 1540 4035 et
1566 3956 1689 4056 bibit,
1723 3981 1805 4040 nou
1837 3959 2064 4062 dijudicans

1241 4063 1397 4165 Coruus
1412 4062 1586 4142 Dbmini.

1481 4177 1822 4266 Posieommuuio.

1312 4281 1686 4382 usuuurrssruriesu,
1701 4282 1770 4384 qui
1784 4271 1902 4360 etlam
1917 4281 2067 4386 Cbrpo-

1240 4302 1301 4484 C
1330 4389 1386 4468 ris
1401 4400 1440 4471 et
1452 4391 1663 4494 Singuinis
1679 4392 1737 4471 tui
1753 4411 1857 4486 reos,
1875 4389 2065 4470 amiseri-

1240 4501 1386 4582 ebrdiae
1419 4509 1497 4579 tum
1522 4499 1740 4581 visceribus
1758 4519 1838 4578 nou
1853 4495 2054 4597 repellis:

1241 4608 1416 4689 concide
1447 4609 1644 4711 propitius
1663 4635 1675 4702 ;
1696 4617 1738 4686 ut
1754 4605 1901 4708 quibus
1926 4601 2063 4682 ineffi-

1239 4717 1332 4795 bitis
1351 4717 1470 4818 bujus
1484 4737 1634 4796 meuse
1652 4711 1903 4818 partieipttio
1930 4711 2004 4790 iuit
2021 4711 2064 4790 iu

1239 4823 1443 4926 ltqueum,
1463 4822 1532 4901 but
1549 4821 1629 4902 iliis
1645 4820 1904 4925 pbstmodum
1933 4819 1976 4895 iu
2003 4841 2065 4897 se·

1238 4933 1334 5012 bitis
1348 4931 1571 5010 remedium
1589 4940 1629 5010 et
1646 4928 1795 5009 umbris
1813 4924 2062 5008 elimentum.

1240 5041 1319 5140 Qui
1338 5039 1434 5120 vivis
1452 5047 1493 5120 et
1511 5061 1667 5142 regnes.

1350 5237 1574 5344 FESTA
1600 5238 1946 5348 JANUARii.

1479 5484 1537 5539 iiiii
1566 5487 1621 5541 xv.
1650 5487 1821 5545 Jstittttnit.

1393 5565 1435 5648 S.
1467 5560 1651 5659 uuum,
1683 5557 1913 5640 turturis.

1420 5680 1619 5758 introitus.
1647 5669 1796 5750 Psatm.
1825 5669 1886 5745 76.

1251 5805 1448 5911 *iss*
1466 5777 1568 5858 mari
1584 5777 1648 5860 vie
1662 5783 1743 5872 tue,
1763 5783 1804 5856 et
1816 5771 1968 5854 semite
1985 5775 2064 5852 tum

1286 5933 1301 5967 ν
1354 5876 1420 5999 isui
1444 5889 1486 5968 iu
1516 5887 1631 5989 aquis
1658 5883 1809 5980 multis,
1838 5889 1878 5962 et
1901 5879 2064 5982 vestigia

1262 6000 1317 6096 553)
1355 6002 1416 6107 si
1443 6005 1511 6077 tue
1527 6015 1607 6075 nou
1646 5989 1962 6094 cognomentum
1998 5985 2065 6066 de·

1369 6086 1419 6153 '⁴'
1444 6101 1589 6185 duxisti
1620 6099 1721 6180 sieut
1750 6119 1842 6180 ores
1869 6093 2062 6200 pbpulum
