5325 7200
628 1148 639 1171 Ἰ
736 1117 789 1180 22⁸
1118 1138 1216 1182 111OEAE
1242 1137 1383 1180 PROPRIAE
1403 1136 1551 1182 ulmenam
1572 1138 1788 1182 apparendum.

629 1234 631 1243 ¹
734 1254 808 1330 Caii
824 1260 860 1329 et
879 1252 1066 1329 dlexendri
1085 1253 1305 1326 solemnitete
1318 1250 1408 1324 dele·
1456 1275 1462 1314 ι

1456 1331 1463 1460 l
1510 1356 1547 1429 in
1565 1357 1744 1456 Quadrug.

628 1330 639 1459 l·
733 1362 856 1448 rimus,
870 1382 1022 1456 quorum
1036 1382 1100 1432 nos
1119 1357 1330 1432 confidimus
1351 1380 1408 1453 pa-

628 1456 631 1525 l
734 1463 878 1538 troclnio
896 1462 1047 1535 libereri·
1067 1462 1134 1534 Per
1152 1463 1355 1536 Deminum.

917 1567 1214 1661 Poatcommunin.

817 1696 924 1760 nsua,
940 1695 1143 1769 quaesumus
1162 1673 1322 1757 [lemine
1348 1696 1408 1768 per

733 1697 896 1854 Pnhaec
914 1801 1011 1850 sacra
1030 1778 1206 1873 mysteria,
1229 1786 1268 1850 ut
1285 1780 1409 1872 llerty-

732 1909 811 1958 rum
834 1884 1015 1958 beaterum
1037 1884 1188 1981 sanguis,
1205 1885 1408 1978 proconles·

627 2038 629 2051 ·
732 1993 828 2064 siene
866 1992 915 2062 tui
957 1990 1106 2062 neminis
1140 1989 1281 2078 elldsus,
1320 1991 1408 2062 sicut

627 2156 630 2193 ἰ
734 2104 794 2168 tun
807 2093 979 2166 mirabilia
998 2092 1208 2180 manifestat,
1229 2094 1290 2192 qui
1308 2093 1409 2190 perli-

627 2216 630 2229 '
732 2203 782 2274 cis
799 2201 836 2296 ign
857 2200 1058 2272 intirmitete
1079 2199 1252 2285 virtutem,
1267 2199 1325 2272 ita
1350 2224 1410 2272 no-

627 2346 638 2375 ..
733 2310 812 2382 stris
825 2308 948 2382 stddiis
961 2307 1019 2380 det
1033 2305 1240 2402 proiectum,
1256 2315 1291 2379 et
1309 2307 1409 2405 fragi-

627 2758 630 2779 ι

626 2784 630 2827 l

626 3380 638 3535 ¹1

626 3743 630 3836 ζ
732 3714 850 3793 Ροηι.,
862 3706 978 3801 primo
991 3702 1081 3791 loco,
1098 3730 1132 3801 p.
1145 3728 1203 3779 xv.

734 2413 820 2486 liteti
843 2421 985 2510 praestet
1006 2409 1187 2484 auxilium.
1213 2410 1279 2484 Per
1302 2411 1405 2482 de.

1006 2591 1059 2641 Dlll
1084 2591 1130 2640 ¹1.

991 2689 1026 2738 m
1050 2689 1152 2738 FESTO

756 2782 819 2856 SS.
848 2779 1163 2869 QUluanGmm
1187 2781 1382 2855 ltldlll'l'll.

912 2887 1235 2982 (Edieldlmjua.)

627 3012 629 3069 ἶ
782 2991 891 3064 Missa
904 2986 1151 3065 Clama'verunt
1160 2995 1258 3088 justi,
1274 2994 1312 3065 iu
1325 2993 1411 3066 Mis·

626 3150 629 3189 2
731 3095 1096 3182 anli,die10llnrtii‚
1118 3102 1259 3192 nans.

1001 3287 1057 3336 Dlll
1081 3287 1137 3335 XV.

815 3387 996 3464 sanem
1039 3386 1321 3480 naeniam,

858 3517 953 3568 rnen
978 3517 1019 3566 m
1048 3517 1276 3568 cmressoms.

780 3603 886 3675 Missa
897 3602 1038 3686 stituit,
1052 3601 1095 3675 de
1107 3602 1291 3674 Communi
1307 3602 1407 3698 Gens.

983 3895 1037 3944 Dm
1062 3896 1155 3945 lllllll.

861 3992 1017 4067 sallem
1043 3994 1285 4081 GABRlELlS,

962 4114 1182 4167 annuariam.

854 4208 1035 4282 introitus.
1055 4208 1189 4283 Paelm.
1211 4215 1292 4285 102.

627 4317 638 4356 '¹
836 4338 1006 4389 summme
1054 4316 1243 4389 Deminum
1289 4298 1411 4391 omnes

635 4401 639 4478 l
735 4338 835 4603 B
860 4420 980 4519 Angeli
994 4422 1071 4517 ejus
1085 4450 1092 4490 :
1104 4424 1406 4516 potentesvirtrlte,

860 4528 919 4624 qui
944 4526 1055 4601 lenitis
1081 4527 1223 4600 verbum
1249 4530 1336 4625 ejus,
1367 4530 1408 4603 ad

733 4634 945 4710 audiendam
965 4657 1081 4707 rodem
1102 4636 1303 4709 sermenem
1319 4638 1406 4733 ejus.

636 4797 638 4812 .
734 4738 866 4815 Psalm.
888 4740 940 4813 tn.
955 4739 1106 4814 Benedic
1119 4740 1237 4813 anima
1252 4764 1330 4815 mea
1345 4744 1411 4817 [td

635 4869 638 4902 ¹
734 4850 830 4922 mino
849 4879 857 4919 :
875 4856 910 4921 et
921 4848 1040 4921 emnia
1055 4870 1136 4943 qum
1147 4849 1238 4921 intra
1248 4872 1304 4922 me
1313 4858 1408 4938 sunt,

734 4955 868 5029 nemini
892 4960 1010 5027 sancto
1034 4954 1120 5049 ejus.
1144 4950 1180 5029 l.
1207 4953 1325 5029 Gleria
1348 4956 1411 5029 Pa-

627 5151 630 5164 .
734 5061 791 5135 tri.

1004 5165 1138 5238 Oratio.

627 5265 638 5406 ξ’
733 5296 874 5455 Deus,
899 5270 960 5368 qui
983 5270 1073 5344 inter
1094 5275 1225 5345 ceteros
1247 5273 1407 5372 Angelos,

826 5376 871 5451 ad
896 5376 1176 5451 annuntiendum
1202 5378 1412 5455 iucarnatie

627 5511 629 5520 ·
733 5486 787 5559 nis
811 5492 877 5558 tuae
900 5482 1114 5579 mysterium,
1135 5483 1329 5559 Gabrielem
1350 5488 1411 5561 Ar-

634 5655 638 5686 ,
733 5592 943 5689 changelum
957 5590 1112 5688 elegisti:
1134 5592 1284 5666 concede
1298 5596 1411 5691 propi-

626 5771 630 5792 ,
734 5702 816 5787 tius;
831 5708 871 5775 ut
884 5701 943 5799 qui
963 5699 1088 5773 festum
1107 5701 1182 5797 ejus
1196 5700 1411 5775 eelebremus

626 5805 637 5872 3'
733 5808 894 5893 interris,
915 5808 1021 5903 ipsius
1039 5807 1270 5902 patrocinium
1286 5810 1411 5881 sentia-

1560 1257 1605 1324 Et
1633 1253 1673 1346 fit
1706 1251 2181 1328 comminuendum.

1593 1497 1710 1570 Lectio
1728 1497 1880 1570 Danielis
1900 1498 2095 1594 Propheta.
2238 1452 2241 1551 l

1763 1643 1854 1711 Dan.
1873 1640 1940 1736 9.l

1548 1776 1706 1850 udiebus
1726 1777 1794 1850 illis
1818 1806 1825 1848 :
1852 1779 1939 1852 Ecce
1961 1779 2011 1850 vir
2030 1777 2180 1864 Gebriel

1573 1907 1677 1979 quem
1694 1883 1844 1958 videram
1863 1885 1898 1956 in
1919 1885 2045 1958 visidne
2059 1907 2080 1957 a
2094 1885 2187 1980 prin·

1511 1989 1614 2082 cipi0‚
1629 1989 1697 2061 cilo
1711 1989 1828 2062 volans
1842 1989 1950 2086 tetigit
1970 2013 2025 2062 me
2043 1990 2078 2060 in
2101 1995 2187 2062 tem·

1512 2117 1595 2188 pore
1617 2094 1775 2167 sacrificii
1796 2095 1991 2191 vespertini.
2010 2095 2051 2166 Et
2071 2093 2189 2168 decuit

1512 2224 1581 2286 me,
1601 2209 1635 2274 et
1654 2202 1791 2274 locdtus
1809 2209 1860 2274 est
1880 2203 1982 2288 mihi,
2004 2201 2183 2298 dixitque:

1511 2307 1644 2392 Deniel
1665 2331 1758 2380 nunc
1776 2313 1930 2405 egressus
1949 2331 2042 2393 sum,
2067 2317 2105 2380 ul
2126 2305 2187 2380 do·

1512 2419 1627 2486 cerem
1644 2421 1693 2500 te,
1715 2421 1748 2485 et
1767 2413 1988 2510 intelligeres.
2015 2412 2067 2486 Ab
2088 2415 2187 2486 exdr-

1513 2517 1570 2592 dio
1602 2542 1743 2615 precum
1779 2519 1918 2592 ladrum
1952 2526 2106 2616 egressus
2137 2527 2189 2592 est

1513 2648 1652 2698 sermo:
1672 2648 1736 2722 ego
1755 2633 1871 2698 autem
1894 2625 1983 2707 veni,
2004 2632 2043 2696 ut
2059 2623 2190 2697 indice·

1514 2753 1587 2804 rem
1608 2729 1682 2817 tibi,
1697 2731 1780 2827 quia
1795 2731 1844 2801 vir
1861 2729 2109 2804 desiderierum
2125 2753 2160 2804 es
2176 2760 2184 2806 :

1516 2845 1550 2908 tu
1573 2858 1656 2932 ergo
1673 2833 1908 2908 animadverte
1925 2837 2133 2910 sermenem.
2155 2843 2190 2908 et

1514 2941 1667 3039 intellige
1681 2943 1860 3015 risidnem.
1882 2941 2110 3038 Septuaginta
2130 2941 2190 3014 he-

1515 3043 1703 3118 bddmades
1737 3046 1941 3119 abbrevietae
1975 3055 2057 3120 sunt
2088 3071 2189 3143 super
2302 3077 2305 3095 ¹

1515 3151 1682 3246 pepulum
1710 3159 1824 3242 tuum,
1859 3161 1894 3225 et
1927 3176 2031 3248 super
2066 3154 2187 3227 urbem
2302 3198 2305 3207 ·

1514 3263 1668 3330 sanctam
1702 3263 1818 3341 tuam,
1856 3265 1894 3330 ut
1927 3263 2188 3332 consummetur
2302 3290 2305 3365 3

1516 3363 1762 3457 praevaricatio,
1780 3372 1814 3436 et
1827 3364 1934 3437 linem
1952 3365 2098 3460 acclpiat
2114 3387 2189 3460 pec·
2302 3376 2305 3423 ²

1514 3469 1644 3554 cetum,
1665 3477 1699 3542 et
1712 3469 1870 3542 deleetur
1884 3471 2058 3567 iniquitas,
2080 3481 2114 3544 et
2130 3469 2188 3543 ad·
2294 3542 2296 3577 ,

1514 3572 1662 3647 ducetur
1672 3577 1808 3671 justitia
1825 3577 2046 3673 sempiterna,
2072 3586 2106 3651 et
2126 3577 2189 3649 im·
2294 3578 2305 3662 j

1515 3680 1650 3776 plenitur
1664 3682 1747 3755 visin
1761 3690 1796 3755 et
1814 3683 2008 3778 prophetia,
2032 3691 2067 3757 et
2084 3684 2190 3781 ungi·
2293 3661 2296 3732 ἶ

1516 3795 1572 3859 tur
1585 3787 1734 3861 Sanetus
1752 3790 1964 3863 sanctdrum.
1982 3789 2077 3863 Scito
2091 3812 2186 3886 ergo,
2293 3767 2305 3872 ζΙ

1514 3897 1548 3967 et
1571 3892 1804 3967 animadverte
1829 3923 1837 3965 :
1866 3892 1917 3967 ab
1943 3894 2037 3967 exitu
2062 3896 2190 3967 sermd-
2293 3897 2305 3978 l

1515 3998 1568 4069 nis
1598 4006 1636 4069 ut
1666 4001 1791 4073 iterum
1828 3998 2020 4071 redilicetur
2053 3998 2190 4071 leidra-

1514 4102 1595 4193 lem,
1626 4104 1807 4201 usquead
1840 4104 2019 4177 Christum
2049 4102 2186 4189 ducem,
2292 4119 2296 4128 '

1515 4208 1749 4284 hebddmades
1771 4218 1914 4307 septem,
1940 4219 1975 4284 et
1999 4209 2188 4285 hebddma·

1515 4316 1575 4389 des
1588 4320 1764 4415 sexaginta
1775 4317 1854 4391 duae
1866 4324 1968 4390 eruut
1985 4346 1992 4387 ε
2007 4327 2041 4390 et
2051 4340 2188 4391 rursum

1514 4422 1741 4497 aedilicebitur·
1758 4424 1886 4521 platea,
1908 4434 1942 4495 et
1961 4424 2052 4495 muri
2072 4424 2109 4497 in
2128 4446 2190 4497 an·
2301 4405 2303 4440 ¹

1513 4530 1626 4627 gestia
1651 4535 1860 4626 temporum.
1891 4530 1933 4603 Et
1959 4540 2033 4625 post
2064 4528 2191 4603 hebdd·
2291 4559 2303 4612 -ξ

1515 4635 1633 4708 mades
1671 4638 1846 4733 sexaginta
1883 4634 1970 4707 duas
2017 4634 2190 4707 occidetur
2239 4679 2243 4704 .
2300 4657 2302 4720 g

1515 4742 1674 4815 Christus
1691 4770 1698 4812 :
1715 4750 1750 4815 et
1768 4764 1836 4814 non
1854 4740 1918 4813 erit
1931 4740 2006 4835 ejus
2025 4738 2184 4836 pepulus‚
2299 4767 2302 4842 ς

1515 4849 1577 4945 qui
1605 4870 1687 4921 eum
1715 4850 1903 4946 negatdrus
1927 4853 1989 4919 est.
2014 4846 2057 4917 El
2078 4846 2190 4919 civita·
2289 4903 2292 4920 .

1516 4961 1598 5036 tem,
1623 4960 1657 5025 et
1678 4954 1913 5027 sanetuerium
1936 4950 2112 5047 dissipebit
2133 4952 2191 5047 pe

1515 5058 1619 5157 pulus
1637 5082 1717 5131 cum
1740 5058 1828 5133 duce
1851 5059 1994 5133 veritum
2021 5084 2030 5127 ι
2060 5066 2094 5131 et
2113 5056 2190 5131 linis
2298 5067 2300 5122 :

1515 5169 1591 5263 ejus
1622 5168 1772 5257 vestitae,
1802 5174 1836 5241 et
1866 5174 1943 5265 post
1972 5165 2079 5239 finem
2111 5164 2188 5241 belli
2288 5187 2300 5286 '2

1516 5278 1643 5350 statilia
1666 5276 1843 5349 desoletio.

1563 5378 2011 5455 Grnrlunle.l'snlm.102.
2041 5376 2187 5451 Benedi-
2296 5409 2299 5428 =

1514 5488 1579 5561 cite
1601 5488 1789 5561 deinum
1808 5510 1930 5562 omnes
1955 5484 2076 5583 angeli
2098 5485 2185 5579 ejus,
2287 5457 2299 5594 :l

2286 5611 2297 5662 tt

1514 5599 1669 5691 potentes
1684 5595 1819 5681 viiidie,
1841 5592 1901 5691 qui
1922 5590 2031 5664 licitis
2047 5588 2187 5663 verbum

1513 5702 1600 5797 ejus.
1615 5699 1650 5777 l.
1672 5700 1822 5774 Benedic
1840 5698 1958 5773 enimn
1978 5718 2055 5769 mea
2074 5694 2188 5769 Demi·
2294 5691 2297 5790 f

1475 5886 1481 5895 ,
1515 5806 2049 5893 nun1,eldmniainteridramea
2061 5824 2185 5875 riomen
2236 5803 2239 5844 :

1512 5920 1671 5989 sanctum
1685 5914 1772 6011 ejus.
1873 6000 1876 6007 Ι
