5325 7200
828 777 1034 851 lierniuicu
1057 776 1192 852 ultima
1210 796 1297 874 post
1314 777 1577 854 Pentecosten.
2027 808 2097 882 ²9.

1093 929 1174 940 —n-

722 1004 731 1025 r
799 1006 845 1022 ‚‚
1015 1010 1021 1020 .
1116 959 1123 968 ¹
1249 921 1711 1011 nonconlttndentur.,ti,
1738 935 2075 1028 l’satl111.pti.Lux

495 1007 514 1078 l*
531 1007 592 1078 [ιδ
607 1009 619 1080 l
634 1009 664 1078 tl
695 1007 803 1078 Mil
815 1007 893 1079 ml
905 1006 1039 1088 uitta.
1249 1047 1334 1106 orta
1350 1047 1407 1106 est
1424 1034 1526 1129 justo
1544 1062 1551 1108 :
1572 1051 1609 1108 et
1628 1035 1741 1136 rectis
1760 1037 1879 1114 corde
1900 1037 2044 1118 laetltia.

1298 1137 1476 1228 alleluia,
1497 1139 1667 1220 alleluia.
1695 1141 1735 1224 l.
1760 1147 1909 1222 lla-ibae,
1934 1152 1966 1225 3.
1990 1151 2073 1246 Ego

373 1251 459 1312 trit.
475 1252 536 1308 tut·
548 1253 597 1308 tut
613 1255 705 1308 oct.
725 1253 894 1308 putuit
911 1253 1033 1309 >tuci
1045 1253 1176 1309 putu.
1248 1259 1380 1320 aurem
1409 1245 1450 1321 in
1474 1247 1649 1326 Domino
1675 1251 1881 1350 gaudebo,
1914 1268 1952 1330 et
1969 1256 2075 1331 exul.

668 1361 711 1418 tlt
739 1361 870 1418 Fasro
1249 1353 1341 1427 tabo
1358 1350 1398 1426 in
1419 1355 1503 1429 Deo
1518 1358 1539 1432 J
1544 1379 1612 1431 esu
1633 1379 1735 1433 meo.
1755 1359 1936 1437 Alleluia.

461 1451 700 1530 OMNIUM
729 1450 1075 1528 SANCTORUM
1246 1455 1298 1561 ᾖ
1335 1459 1551 1560 Sequentia
1575 1463 1696 1539 sancti
1719 1465 1918 1566 Evangelii
1937 1473 2076 1544 sectln·

503 1575 713 1636 ECCLEstAE
730 1574 1029 1634 utsstmausts.
1395 1566 1492 1643 dum
1518 1570 1729 1646 loannem.
1752 1575 1868 1650 loun.
1891 1585 1925 1647 u.

550 1662 748 1742 tmolus.
772 1665 917 1740 l'sulm.
939 1685 990 1740 12.
1280 1691 1307 1748 Ν
1329 1673 1397 1750 ἰῙΙο
1419 1679 1595 1772 tempore
1617 1703 1625 1752 :
1664 1675 1769 1752 Dixit
1800 1680 1917 1756 lesus
1949 1678 2076 1755 turbis

382 1798 530 1903 ap&
544 1794 737 1852 Ltutrtlta
753 1777 892 1852 dculos
905 1799 1030 1865 meos,
1048 1801 1097 1854 ne
1110 1800 1182 1852 uu·
1318 1781 1550 1862 Judaeurum
1590 1813 1599 1861 :
1649 1787 1752 1864 Cum
1815 1789 2077 1866 exaltaveritis

381 1822 438 2023 llil
471 1882 531 1992 {areg
558 1907 681 1984 quam
700 1883 1012 1960 obddrm'iamin
1031 1901 1177 1974 morte;
1248 1890 1395 1966 Filium
1439 1889 1654 1982 hdminis,
1700 1909 1795 1970 tunc
1836 1895 2077 1994 cognoscetis

381 1994 399 2099 l,
434 2036 436 2041 ·
472 1969 531 2108 ἓξ
560 1991 774 2091 nequando
832 1989 937 2067 dicat
995 1989 1180 2066 iuimlcus
1245 1995 1340 2095 quia
1358 2021 1429 2096 ego
1450 2015 1607 2087 sum,et
1629 2004 1822 2099 amelpso
1836 2001 1939 2078 facio
1959 2003 2072 2093 nihil,

378 2080 532 2153 leffe&
559 2122 703 2178 meus:
751 2097 947 2174 Praevdlui
991 2097 1181 2175 adversus
1245 2102 1314 2179 sed
1329 2099 1428 2180 sicut
1446 2104 1581 2182 ddcuit
1597 2130 1660 2182 me
1678 2109 1806 2196 Pater,
1824 2108 1906 2186 haec
1920 2109 2075 2210 loquor:

373 2231 469 2284 eum.
488 2208 629 2280 tumltu.
653 2205 710 2276 ati.
735 2205 927 2282 luminus
943 2203 1181 2282 illumindtio
1245 2227 1282 2285 et
1299 2209 1369 2309 qui
1391 2235 1453 2286 me
1474 2210 1593 2302 misit,
1612 2237 1768 2290 mecum
1789 2231 1846 2290 est
1861 2231 1897 2290 et
1919 2239 1999 2292 non
2019 2241 2078 2294 re·

371 2337 448 2391 mea
463 2329 498 2390 et
516 2315 624 2390 salus
652 2336 766 2389 mea:
788 2336 909 2413 quem
927 2310 1109 2388 timebol
1139 2308 1178 2394 l
1245 2316 1361 2416 liquit
1394 2342 1457 2393 me
1484 2319 1639 2396 solum:
1665 2319 1760 2421 quia
1780 2346 1850 2421 ego
1876 2347 1965 2420 quae
1994 2325 2077 2424 pla·

371 2419 491 2499 Gldria
509 2420 630 2500 Patri.
795 2524 799 2532 .
1246 2422 1323 2501 cita
1350 2439 1441 2500 sunt
1463 2424 1498 2501 ei
1534 2426 1636 2503 facio
1669 2451 1836 2528 semper.
1875 2433 1971 2506 Haec
2012 2430 2079 2508 illo

694 2535 843 2598 tlrauu.
1247 2531 1460 2631 loquente,
1489 2533 1602 2610 multi
1621 2533 1874 2611 crediderunt
1908 2535 1948 2611 in
1968 2561 2075 2614 eunt.

380 2665 389 2739 ᾗ
443 2656 469 2712 Α
501 2633 632 2742 nobis,
669 2657 898 2735 quaesumus
931 2637 1182 2733 omnipotens
1254 2637 1416 2714 Dicebat
1433 2663 1523 2738 ergo
1551 2643 1668 2718 lesus
1686 2641 1737 2718 ad
1765 2666 1846 2738 eos,
1867 2641 1936 2742 qui
1955 2643 2079 2720 credi·

378 2742 398 2826 l
460 2746 583 2831 Deus,
605 2743 1012 2818 senctdrumtudrum
1035 2737 1183 2816 meritis
1248 2743 1393 2822 derunt
1411 2743 1459 2834 ei,
1479 2745 1667 2823 Judaeos:
1703 2746 1744 2824 Si
1764 2749 2079 2826 vosmanseritis

371 2868 402 2930 et
419 2849 706 2938 intercessidne,
725 2846 1065 2926 conservatidnem
1088 2845 1182 2922 lldei
1249 2849 1288 2926 iu
1309 2856 1491 2927 sermdne
1510 2875 1626 2943 meo,
1661 2877 1752 2929 vere
1783 2853 1967 2954 disclpuli
1999 2855 2079 2934 mei

370 2975 403 3036 et
412 2961 686 3058 augmentum:
707 2972 751 3032 ut
769 2954 811 3032 in
826 2955 901 3032 hac
915 2953 996 3032 vita
1015 2953 1085 3030 tibi
1104 2955 1184 3054 pla·
1247 2957 1381 3034 eritis:
1403 2974 1439 3034 et
1456 2959 1699 3057 cognoscetis
1717 2960 1936 3052 veritatem,
1955 2977 1992 3039 et
2009 2968 2077 3040 ve·

369 3073 535 3154 cadmum
552 3078 589 3140 et
606 3077 696 3164 post
709 3079 877 3138 mortem
891 3062 1058 3138 saltitem
1078 3065 1182 3138 aeter·
1248 3063 1343 3141 ritas
1360 3065 1541 3142 liberabit
1558 3091 1642 3142 vos.
1676 3067 1816 3146 Credo.

368 3195 450 3250 narn
475 3174 782 3272 consequamur.
814 3171 890 3246 Per
918 3167 1152 3245 deinum.
1304 3173 1573 3256 tltl'ertorium.
1601 3173 2078 3254 lictu-‚11.l·'ide6btulit
2179 3233 2184 3240 -

416 3281 458 3354 ljt
476 3281 517 3352 tit
535 3299 746 3352 commem.
774 3275 1007 3349 llumiuicae.
1247 3277 1449 3354 Abraham
1488 3280 1614 3365 Isaac,
1652 3304 1743 3357 cum
1776 3287 2012 3374 tentaretur,
2041 3301 2078 3360 et

376 3386 497 3466 tectio
523 3386 710 3487 Epistolae
740 3383 842 3462 beati
870 3382 984 3460 Pauli
1005 3382 1182 3484 Apdstoli
1248 3383 1494 3484 unigenitum
1527 3386 1715 3466 offerebat
1750 3387 1820 3488 qui
1853 3395 2077 3490 susceperat

502 3494 554 3572 ad
577 3495 795 3570 Romanos.
836 3492 950 3568 ttoni.
982 3511 1037 3565 tu·
1248 3488 1590 3590 repromissidnes.

369 3622 602 3793 Patruus:
631 3604 859 3702 lgnordntes
876 3597 1068 3703 Justitiam
1093 3596 1181 3688 Dei,
1582 3612 1747 3681 secretu.

439 3728 474 3789 et
490 3734 604 3789 suam
623 3714 843 3811 quaerentes
862 3714 1054 3795 statuere,
1073 3708 1184 3809 jusu·
1255 3726 1521 3905 Sacarrtctt
1539 3732 1631 3785 cum
1659 3707 1738 3785 lide
1757 3708 1888 3785 oblata
1906 3770 1919 3799 „
1940 3710 2077 3786 dei·

366 3816 425 3895 tiae
441 3817 511 3895 Dei
530 3839 609 3895 non
629 3832 721 3893 sunt
740 3814 917 3916 subjecti.
945 3812 1056 3892 Finis
1077 3811 1184 3889 euim
1324 3837 1387 3903 ne,
1405 3812 1527 3891 fidem
1545 3830 1734 3903 nostram,
1755 3815 1974 3913 patrocinio
1987 3841 2078 3893 san·

368 3924 467 4025 legis,
486 3924 680 4013 Christus,
701 3922 753 4000 ad
770 3921 960 4025 justitiam
978 3918 1089 3999 omni
1102 3943 1185 3997 cre·
1248 3922 1403 3995 ctdrum
1440 3925 1633 4012 tudrum,
1671 3925 1902 4001 conservent
1934 3938 1970 3999 et
2006 3930 2077 4001 du·

368 4032 479 4111 denti.
499 4036 659 4136 Mdyses
676 4031 784 4109 enirn
803 4030 972 4130 scripsit,
991 4027 1183 4131 qudniam
1248 4042 1376 4124 geant.
1396 4030 1471 4105 Per
1491 4028 1725 4107 deinum.
1950 4120 1955 4129 ὓ

368 4140 544 4241 justitiam
563 4201 573 4231 ,
593 4164 684 4240 quae
700 4164 748 4215 ex
767 4139 848 4237 lege
866 4153 944 4227 est,
964 4134 1035 4237 qui
1053 4132 1185 4216 fecerit
1302 4142 1352 4215 lit·
1371 4142 1413 4215 tit
1429 4164 1641 4217 comment.
1667 4140 1900 4214 ltuiuiuicm

369 4248 493 4339 homo,
511 4247 618 4326 vivet
635 4246 677 4323 in
694 4271 755 4324 ea.
772 4250 873 4344 Quae
891 4262 1025 4323 autern
1043 4268 1090 4321 ex
1105 4240 1185 4319 lide
1306 4246 1484 4321 Praelatio
1500 4246 1547 4323 de
1567 4246 1756 4321 omnibus
1775 4246 1939 4321 Sandis.

369 4370 419 4432 est
447 4354 607 4457 justitia,
640 4352 697 4431 sic
726 4352 847 4431 dicit:
882 4354 947 4430 Ne
972 4349 1117 4428 dixeris
1143 4349 1183 4425 in
1303 4352 1558 4431 Communiu.
1586 4354 1725 4431 llatth.
1748 4380 1782 4449 ι).
1806 4350 2078 4444 Confidesllia,

369 4464 476 4541 corde
492 4480 587 4543 tuo:
620 4462 722 4560 Quis
739 4459 922 4539 ascendet
939 4459 981 4537 in
1008 4458 1154 4536 coelum
1169 4463 1184 4533 l
1248 4452 1348 4531 fides
1364 4469 1433 4533 tua
1451 4470 1487 4533 te
1503 4459 1655 4535 salvam
1675 4456 1777 4537 lecit.

370 4566 486 4661 idest,
507 4568 711 4649 Christum
731 4568 953 4659 deddcere3
974 4581 1061 4654 aut,
1082 4563 1185 4661 Quis
1498 4566 1833 4643 l’ustcommuuio.

370 4674 565 4757 descendet
584 4676 625 4753 in
643 4676 831 4779 abyssum
850 4680 866 4752 'l
884 4675 959 4753 hoc
977 4688 1048 4761 est,
1071 4670 1184 4749 Chri·
1332 4688 1494 4749 OEtsssrt
1530 4672 1679 4773 pdbulo
1715 4670 1860 4761 retecti,
1904 4689 2046 4772 praesta
2068 4734 2077 4761 ,

371 4798 463 4863 stum
493 4810 517 4863 a
543 4782 712 4861 mdrtuis
742 4789 940 4861 revocare.
979 4780 1057 4875 Sed
1086 4778 1184 4881 quid
1253 4698 1579 4879 Cquaesumus
1596 4782 1849 4879 omnlpotens
1871 4780 2008 4855 Deus:
2035 4794 2078 4856 ut

370 4888 454 4969 dicit
469 4890 702 4992 Scriptural
736 4892 863 4991 Prope
881 4906 939 4965 est
955 4888 1123 4966 verbum
1143 4884 1185 4962 in
1250 4884 1527 4963 intercessidue
1545 4890 1772 4963 sauctdrum
1792 4944 1802 4975 ,
1822 4910 1994 4986 quorum
2013 4912 2078 4963 so·

371 5020 430 5075 ore
442 5015 529 5091 tuo,
550 5014 589 5077 et
613 4997 655 5077 in
671 4996 790 5076 corde
807 5014 903 5075 tuo:
924 4998 1000 5073 hoc
1016 5010 1073 5073 est
1098 5018 1184 5072 ver·
1249 4993 1396 5070 lemnia
1414 4994 1687 5083 celebremus,
1719 4992 1834 5069 bonis
1852 4993 2078 5070 coelestibus

373 5105 456 5185 bum
482 5108 593 5198 lldei,
626 5105 735 5209 quod
765 5104 1057 5207 praedicamus:
1078 5100 1184 5199 Quia
1250 5099 1452 5177 satiemur.
1477 5102 1551 5178 Per
1571 5100 1804 5178 deinum.

372 5212 400 5288 si
415 5213 634 5293 confitedris
651 5214 693 5291 itt
710 5238 779 5291 ore
798 5228 868 5290 tuo
887 5211 1107 5289 deinum
1120 5212 1185 5289 Je·
1305 5212 1353 5285 ls't
1384 5210 1424 5282 lit
1459 5232 1668 5283 colunum.
1706 5210 1932 5290 llmuitticu:
1968 5214 2078 5313 cujus

371 5344 464 5414 sum,
482 5340 520 5401 et
534 5322 577 5400 in
591 5322 710 5401 corde
732 5336 802 5399 tuo
820 5317 1056 5409 credideris,
1074 5316 1184 5420 quod
1250 5316 1389 5417 legitur
1413 5314 1670 5413 Effinge-lituu
1692 5315 1730 5391 iu
1750 5318 1843 5404 titre,

373 5428 470 5507 Deus
494 5430 608 5507 illurn
626 5427 832 5506 suscitavit
858 5452 881 5504 a
900 5424 1088 5515 mdrtuiS,
1110 5425 1185 5501 sal·
1255 5468 2052 5489 ----—-----—-—-

371 5558 437 5611 vus
451 5536 540 5615 eris.
562 5535 693 5631 Corde
722 5534 829 5613 enirn
859 5531 1032 5611 creditur
1057 5530 1109 5609 ad
1125 5534 1185 5634 jd·
1254 5548 1459 5605 uotumcl
1476 5546 1747 5605 currulium·
1763 5548 2076 5606 ruutucus’ruu.

372 5642 536 5721 stltiam:
566 5667 636 5719 ore
670 5659 803 5720 autem
838 5638 1034 5719 confessio
1060 5638 1104 5715 fit
1133 5638 1184 5715 ad
1369 5644 1378 5663 '
1565 5660 1607 5717 tu
1630 5656 1760 5715 Festo

373 5750 542 5829 saturem.
559 5748 664 5827 Dicit
677 5749 783 5827 enim
797 5747 998 5849 Scriptura
1015 5774 1024 5823 :
1043 5744 1187 5825 Omnis
1299 5749 1597 5827 SACRARUM
1627 5744 2024 5841 RELlQUlARUM

372 5858 434 5957 qui
450 5858 573 5939 credit
591 5857 632 5935 iu
651 5858 783 5947 illurn,
807 5880 887 5933 non
905 5852 1183 5933 confundetur.
1398 5872 1607 5932 accersire
1622 5870 1924 5930 Massiurausrs

414 5966 620 6043 liracluule⁸
655 5963 798 6041 Psalm.
833 5966 891 6044 33.
921 5963 1104 6043 clccedite
1132 5962 1185 6041 ad
1302 5964 1345 6035 lu
1402 5957 1477 6029 tiuc
1532 5954 1720 6041 llissulis,
1781 5979 1991 6039 cuuuuem.
2046 5980 2081 6035 ct

372 6098 470 6169 eum,
484 6094 521 6156 et
539 6072 820 6154 illuminamini
838 6102 846 6151 :
862 6088 899 6153 et
914 6072 1033 6153 iacies
1048 6085 1186 6153 vestrae
1249 6066 1435 6165 Evangel.
1459 6060 1677 6139 Dominieuu
1692 6062 1738 6164 iu
1757 6065 1848 6141 tiue.
