5325 7200
974 822 1043 896 nie
1062 821 1163 896 xxix.
1181 818 1373 894 Ianuarii.
2026 825 2047 902 3

642 1068 713 1124 nn
741 1065 835 1122 xxx

397 1155 452 1232 IN
487 1153 675 1233 FESTO
705 1155 748 1230 S.
776 1153 1079 1241 TROPHIMI,

448 1279 642 1340 EPISCOPI
664 1280 718 1337 ET
735 1277 1026 1338 CONFESSORIS.

374 1376 486 1450 llissa
522 1367 699 1461 statuit,
707 1370 754 1443 tle
788 1363 1001 1442 Communi
1034 1364 1148 1437 Conl.

334 1485 388 1554 ru
390 1498 447 1567 r.,t
493 1479 628 1578 primu
675 1481 773 1562 lucu,
823 1497 914 1547 cum
963 1469 1151 1544 Oratione

333 1543 504 1683 milcini.
671 1653 678 1664 .

658 1690 811 1768 Orntiu

406 1812 482 1870 555
508 1791 583 1892 qui
612 1791 869 1871 addentium
901 1749 1155 1870 illuminatid·

338 1829 399 1992 D
435 1925 526 1977 nem
566 1903 727 1978 bedtum
766 1901 996 1978 Pontificem
1039 1916 1152 1977 tuum

334 2007 593 2109 l'nlphimum
634 2013 789 2085 mittere
830 2007 1013 2106 digndtus
1054 2031 1095 2084 es
1140 2036 1150 2086 ε

335 2134 475 2217 ρ55555;
513 2132 560 2190 ut
604 2139 707 2216 quos
750 2139 820 2214 per
862 2114 987 2213 ipsIus
1031 2114 1151 2191 docu-

335 2230 451 2301 55555555
487 2247 577 2298 esse
616 2221 774 2300 dondsti
812 2221 960 2311 fideles,
994 2221 1150 2297 55555556-

335 2354 411 2406 nnn
447 2328 672 2408 imitatdres'
705 2354 792 2407 esse
830 2328 1038 2405 concedas.
1078 2330 1154 2404 Per

337 2435 558 2516 deinum.

378 2555 418 2628 l3t
460 2551 517 2628 fit·
554 2567 705 2630 comm.
758 2563 929 2648 quatuor
981 2546 1148 2622 0555555-

336 2685 424 2739 mm.

493 2877 671 2955 FESTA
704 2873 981 2953 IANUARII.

641 3123 713 3180 DIE
727 3119 842 3182 XXIII·

640 3221 683 3280 IN
709 3221 840 3280 FESTO

394 3310 872 3392 uusponsnrlonls
893 3312 939 3387 B.
958 3312 1016 3388 M.
1035 3311 1085 3389 V.

384 3429 430 3503 l't
447 3427 486 3502 in
509 3430 587 3506 stne
619 3422 804 3505 ntissalis.
826 3446 917 3498 cum
937 3445 1151 3502 commem

340 3535 534 3717 {inluseph
552 3555 587 3614 et
608 3539 649 3617 S.
669 3530 969 3620 Emerentianae,
991 3530 1097 3627 Virg.
1119 3543 1154 3605 et

637 3884 706 3940 DIE
723 3880 836 3940 XXIV.

639 3988 683 4044 IN
710 3986 841 4044 FESTO

343 4072 771 4155 TRANSLATIONIS
799 4076 841 4152 S.
876 4073 1150 4162 VICTORIS,

554 4200 844 4372 numm&

1223 965 1358 1044 Lectio
1377 967 1467 1044 libri
1482 969 1740 1072 Apocalypsis
1759 969 1861 1048 berti
1878 970 2045 1050 Jotlnnis

1433 1077 1625 1178 Apdstoli.
1645 1076 1763 1170 llnnc.
1786 1074 1821 1150 (r.

1261 1201 1288 1258 rt
1320 1181 1461 1261 diebus
1495 1183 1599 1260 illis:
1625 1183 1717 1264 Vidi
1752 1188 1890 1263 subtus
1924 1185 2045 1262 altdre

1275 1291 1430 1368 55555555
1448 1291 1738 1369 interlectdrum
1771 1307 2045 1393 propterver·

1219 1398 1316 1474 bum
1355 1399 1455 1487 Dei,
1482 1415 1529 1474 et
1560 1415 1719 1498 propter
1749 1398 2041 1488 testimdnium,

1218 1506 1327 1606 quod
1364 1459 1575 1594 5555515555,
1611 1521 1648 1582 55
1683 1507 1909 1582 elamdbant
1945 1530 2042 1583 voce

1219 1638 1382 1713 magna,
1420 1612 1641 1689 dicentes:
1681 1615 1927 1714 Usquequo‚
1966 1615 2044 1688 Dd-

1220 1717 1352 1808 mine,
1384 1734 1543 1795 sanetus
1574 1735 1610 1795 et
1643 1743 1787 1810 verus,
1826 1743 1906 1795 non
1940 1719 2043 1821 judi·

1217 1847 1297 1913 cas,
1315 1840 1352 1901 et
1384 1849 1464 1900 non
1494 1825 1674 1902 vindicas
1702 1825 1933 1924 sanguinem
1972 1849 2042 1902 no·

1218 1947 1343 2007 strum
1375 1931 1479 2008 de”
1454 1957 1502 2008 ns
1534 1932 1604 2032 qui
1636 1932 1853 2010 hdbitant
1844 1957 1885 2008 rn
1915 1937 2041 2010 terral

1221 2041 1270 2116 Et
1288 2039 1388 2116 datae
1406 2058 1496 2116 sunt
1515 2039 1591 2114 illis
1610 2040 1770 2138 slngulae
1788 2041 1895 2116 stolae
1912 2041 2039 2116 albae:

1216 2162 1254 2222 et
1289 2146 1438 2223 dictum
1474 2163 1530 2222 est
1565 2145 1641 2222 illis
1676 2161 1718 2223 ut
1756 2145 2041 2246 requiescerent

1216 2253 1348 2331 adhuc
1369 2271 1525 2355 tempus
1549 2254 1766 2345 mddieum‚
1789 2255 1915 2332 donec
1932 2279 2041 2331 com·

1216 2366 1399 2465 pledntur
1432 2363 1611 2441 conservi
1643 2369 1797 2454 5655555,
1833 2381 1870 2442 et
1904 2365 2041 2442 fratres

1216 2477 1370 2561 e6rum,
1391 2471 1459 2570 qui
1480 2469 1736 2548 interficiendi
1761 2489 1851 2548 sunt
1879 2471 1980 2548 sicut
2006 2485 2043 2546 et

1217 2577 1288 2656 illi.
1356 2609 1359 2616 ⁴

1265 2683 1475 2763 Grndnetle.
1502 2682 1645 2760 Psalm.
1668 2685 1723 2758 33.
1757 2681 1892 2761 tlunae
1917 2683 2041 2762 tribu·

1216 2790 1381 2867 latidnes
1399 2793 1592 2890 justdrum
1611 2805 1674 2867 :et
1691 2790 1740 2867 de
1767 2789 1955 2868 dmnibus
1979 2791 2041 2868 his

1217 2897 1398 2976 liberabit
1427 2923 1496 2974 eos
1533 2893 1745 2976 deinus.
1783 2893 1824 2978 ll.
1859 2897 2041 2975 Custddit
2106 2981 2109 2987 ,

1219 3004 1417 3081 Dominus
1442 3004 1579 3081 dmnia
1603 3029 1693 3081 ossa
1709 3009 1847 3082 edrum
1872 3033 1881 3083 :
1911 3029 2039 3083 unum

1216 3137 1264 3188 ex
1290 3111 1352 3188 his
1377 3136 1457 3190 non
1480 3117 1713 3188 conteretur.

1264 3217 1448 3307 Alleluia,
1465 3217 1637 3295 alleluia.
1671 3213 1710 3302 ll.
1736 3215 1824 3294 lsai.
1843 3217 1903 3292 nn.
1935 3221 2039 3296 Con-

1216 3325 1375 3401 soldbor
1394 3341 1432 3400 et
1446 3325 1764 3402 consolablmini
1783 3329 1885 3404 Ossa
1910 3341 2044 3403 vestra

1215 3431 1523 3530 germindbunt:
1554 3447 1592 3509 et
1619 3439 1875 3530 cognoscetur
1895 3431 2038 3518 manus

1218 3538 1382 3617 deini
1404 3537 1527 3617 servis
1545 3543 1641 3641 ejus.
1657 3539 1837 3619 Alleluia.

1269 3653 1361 3728 Post
1349 3647 1730 3750 trSepttagesimam
1762 3626 2038 3725 omissisAlle

1215 3754 1296 3831 luia
1328 3776 1363 3833 et
1398 3758 1440 3843 1.
1476 3757 1667 3857 sequenti,
1687 3755 1830 3833 dicitnr
1856 3758 1975 3833 Trnct
1962 3766 2036 3831 tus.

1221 3863 1342 3944 Eccli
1372 3868 1421 3964 48
1452 3880 1487 3939 et
1514 3887 1577 3960 49
1607 3864 1882 3965 Amplificdtus
1910 3880 1968 3941 est
1996 3864 2036 3939 in

1218 3956 1469 4045 mirabilibus
1497 3968 1607 4068 suis,
1644 3990 1681 4047 et
1711 3978 1913 4049 mdrtuum
1947 3996 2037 4073 pro·

1215 4076 1388 4175 phetelvit
1413 4098 1557 4176 corpus
1584 4080 1682 4177 eius.
1715 4074 1752 4161 ll
1778 4079 1934 4158 Invita
1965 4104 2037 4155 sua

1214 4182 1303 4260 fecit
1335 4198 1532 4271 monstra
1575 4198 1612 4259 et
1642 4182 1683 4259 in
1716 4202 1840 4263 morte
1877 4186 2037 4265 mirabl-

1213 4290 1265 4368 lia
1292 4296 1477 4391 operatus
1494 4306 1563 4367 est
1588 4292 1628 4375 l
1649 4294 1798 4369 Ossa
1789 4300 1914 4395 ipsius
1947 4291 2037 4369 visi·

1128 4438 1146 4453 -
1212 4404 1291 4475 tdta
1315 4412 1419 4487 sunt,
1441 4414 1477 4473 et
1511 4413 1600 4497 post
1635 4417 1802 4475 mortem
1827 4402 2036 4501 propheta·

524 4746 614 4798 mea
648 4719 810 4797 dicent:
834 4716 1019 4806 deine,
1056 4715 1147 4816 quis

348 4822 466 4902 similis
512 4828 607 4905 tibil
649 4830 796 4907 Psalm.
849 4830 906 4905 ld.
962 4822 1148 4924 lirlpiens

348 4927 483 5029 Inopem
513 4936 563 5013 de
598 4958 720 5010 manu
756 4932 967 5009 lortidrum
1012 4935 1097 5031 ejus
1135 4958 1144 5007 τ

347 5040 487 5129 ege'num
509 5059 546 5119 et
569 5048 783 5141 pauperem
816 5063 839 5116 a
870 5037 1147 5139 diripientibus

349 5156 485 5237 euml,
510 5148 649 5227 Gldria
670 5146 789 5224 Patri.

657 5262 809 5337 Orntin.

414 5376 497 5452 555,
526 5366 640 5465 cujus
666 5376 766 5440 nutu
794 5384 864 5463 per
889 5361 1046 5438 diversa
1071 5375 1146 5437 ter·

353 5382 554 5551 Drdrum
573 5476 674 5560 locu,
704 5471 789 5571 ipsa
815 5495 976 5571 quoque
994 5474 1147 5547 5555556·

350 5588 419 5649 turn
449 5584 613 5679 cdrpora
650 5579 963 5700 disponuntur·
1001 5580 1143 5664 551555,

349 5698 590 5779 quesumus;
634 5703 677 5763 ut
720 5685 789 5786 qui
834 5685 936 5761 bedti
978 5682 1147 5761 Vltoris

350 5783 512 5908 Martyris
532 5794 590 5871 tui
608 5792 929 5872 Translatidnem
961 5790 1145 5878 cdlimus,

350 5894 407 5989 nsi
437 5900 551 5977 etiam
584 5926 607 5978 5
635 5900 825 6001 pravitdte
853 5914 984 5974 nostra
1010 5897 1061 5973 ad
1085 5895 1148 5998 pie

349 5997 484 6083 vivendi
529 6006 802 6087 rectitudinem
847 6005 1144 6081 translerdmur.

352 6102 411 6187 Per
427 6116 656 6195 Dominum.

1210 4510 1367 4582 verunt.

1209 4609 1261 4715 ᾖ
1280 4609 1494 4711 Sequentia
1513 4612 1636 4691 sancti
1665 4612 1865 4710 Evangelii
1896 4619 2034 4691 secun·

1308 4717 1407 4793 dum
1437 4718 1686 4795 Matthaeum:
1718 4715 1856 4793 Manli.
1882 4734 1936 4793 ro.
2093 4806 2099 4817 ,

1246 4844 1273 4901 n
1294 4824 1361 4902 illo
1379 4830 1554 4925 tempore
1574 4854 1581 4902 :
1606 4824 1711 4901 Dixit
1726 4828 1843 4903 Iesus
1861 4825 2034 4927 discipu·

1256 4933 1304 5011 lis
1335 4931 1444 5009 suis:
1466 4932 1578 5010 Nihil
1613 4948 1671 5009 est
1701 4939 1894 5032 opertum,
1923 4934 2032 5035 quod

1211 5067 1291 5120 non
1323 5038 1559 5117 revelelbitur
1589 5055 1668 5116 :et
1698 5041 1897 5118 occultum
1924 5040 2032 5141 quod

1210 5174 1291 5228 non
1310 5146 1467 5233 scietur.
1485 5146 1606 5243 Quod
1625 5146 1715 5225 dico
1732 5146 1849 5230 vobis
1868 5146 1909 5223 in
1928 5154 2032 5225 tene-

1213 5256 1305 5344 bris,
1335 5254 1451 5331 dicite
1480 5252 1522 5329 in
1554 5255 1704 5331 lumine
1738 5284 1745 5330 :
1780 5269 1816 5331 et
1847 5255 1955 5354 quod
1991 5255 2031 5332 in

1211 5386 1305 5442 aure
1340 5361 1499 5450 auditis,
1530 5360 1736 5461 praedicdte
1767 5386 1886 5461 super
1917 5379 2027 5439 tecta.

1213 5474 1263 5549 Et
1280 5472 1399 5546 nolite
1417 5468 1553 5545 timere
1566 5494 1648 5558 eos,
1662 5468 1731 5569 qui
1746 5469 1930 5546 occidunt
1946 5494 2032 5545 cor-

1209 5604 1298 5679 pus,
1320 5576 1496 5653 Animam
1523 5595 1654 5652 nutem
1676 5600 1756 5673 non
1785 5592 1948 5675 possunt
1966 5600 2029 5653 oc·

1209 5684 1338 5760 cidere
1372 5682 1480 5757 :sed
1511 5682 1643 5781 petius
1676 5682 1806 5757 timete
1836 5706 1942 5773 eum,
1961 5683 2031 5783 qui

1210 5806 1336 5891 potest
1365 5804 1401 5865 et
1425 5787 1616 5874 unimam,
1636 5804 1672 5863 et
1697 5812 1840 5887 corpus
1870 5790 2032 5888 perdere

1211 5898 1252 5974 in
1295 5898 1526 5996 gehennam.
1565 5898 1709 5972 Nonne
1744 5896 1825 5971 duo
1858 5904 2033 5997 pdsseres

1213 6029 1299 6081 asse
1314 6016 1510 6091 vaeneunt,
1532 6018 1568 6078 et
1587 6028 1691 6079 unus
1710 6028 1756 6079 ex
1778 6002 1855 6079 illis
1874 6029 1953 6081 non
1973 6030 2037 6082 ca·

1211 6111 1276 6188 det
1303 6134 1422 6210 super
1453 6124 1596 6185 terram
1626 6110 1709 6187 sine
1736 6113 1851 6187 Patre
1886 6116 2037 6189 vestrol

1813 6238 1840 6295 Ι.
1965 6236 1969 6244 .
