<?xml version="1.0" encoding="UTF-8"?>
<!DOCTYPE html PUBLIC "-//W3C//DTD XHTML 1.0 Transitional//EN"
    "http://www.w3.org/TR/xhtml1/DTD/xhtml1-transitional.dtd">
<html xmlns="http://www.w3.org/1999/xhtml" xml:lang="en" lang="en">
 <head>
  <title>
</title>
<meta http-equiv="Content-Type" content="text/html;charset=utf-8" />
  <meta name='ocr-system' content='tesseract 3.04.00' />
  <meta name='ocr-capabilities' content='ocr_page ocr_carea ocr_par ocr_line ocrx_word'/>
</head>
<body>
  <div class='ocr_page' id='page_1' title='image "./officiapropriad00churgoog_0049.png"; bbox 0 0 5325 7200; ppageno 0'>
   <div class='ocr_carea' id='block_1_1' title="bbox 714 1040 1674 1147">
    <p class='ocr_par' dir='ltr' id='par_1_1' title="bbox 714 1040 1674 1147">
     <span class='ocr_line' id='line_1_1' title="bbox 714 1040 1674 1147; baseline 0.017 -35"><span class='ocrx_word' id='word_1_1' title='bbox 714 1040 780 1115; x_wconf 90' lang='lat' dir='ltr'>Die</span> <span class='ocrx_word' id='word_1_2' title='bbox 800 1044 862 1141; x_wconf 85' lang='lat' dir='ltr'>vij.</span> <span class='ocrx_word' id='word_1_3' title='bbox 880 1046 901 1117; x_wconf 87' lang='lat' dir='ltr'>J</span> <span class='ocrx_word' id='word_1_4' title='bbox 906 1042 984 1118; x_wconf 90' lang='lat' dir='ltr'>ulii.</span> <span class='ocrx_word' id='word_1_5' title='bbox 1001 1044 1155 1123; x_wconf 89' lang='lat' dir='ltr'>B.Petri</span> <span class='ocrx_word' id='word_1_6' title='bbox 1168 1049 1324 1123; x_wconf 90' lang='lat' dir='ltr'>Forerii.</span> <span class='ocrx_word' id='word_1_7' title='bbox 1635 1074 1674 1147; x_wconf 71' lang='grc' dir='ltr'>ῃ</span> 
     </span>
    </p>
   </div>
   <div class='ocr_carea' id='block_1_2' title="bbox 331 1176 1696 5794">
    <p class='ocr_par' dir='ltr' id='par_1_2' title="bbox 331 1176 1696 5794">
     <span class='ocr_line' id='line_1_2' title="bbox 433 1176 1682 1311; baseline 0.004 -24"><span class='ocrx_word' id='word_1_8' title='bbox 433 1176 478 1249; x_wconf 70' lang='lat'>¹¹¹</span> <span class='ocrx_word' id='word_1_9' title='bbox 497 1176 670 1292; x_wconf 61' lang='lat' dir='ltr'>⁵e⁰u¹¹d9</span> <span class='ocrx_word' id='word_1_10' title='bbox 689 1179 895 1295; x_wconf 57' lang='lat' dir='ltr'>Nimium·</span> <span class='ocrx_word' id='word_1_11' title='bbox 1032 1236 1139 1311; x_wconf 85' lang='lat' dir='ltr'>aequo</span> <span class='ocrx_word' id='word_1_12' title='bbox 1168 1212 1389 1289; x_wconf 84' lang='lat' dir='ltr'>sustinoerit</span> <span class='ocrx_word' id='word_1_13' title='bbox 1418 1216 1577 1309; x_wconf 88' lang='lat' dir='ltr'>animo;</span> <span class='ocrx_word' id='word_1_14' title='bbox 1613 1216 1682 1293; x_wconf 87' lang='lat' dir='ltr'>de-</span> 
     </span>
     <span class='ocr_line' id='line_1_3' title="bbox 567 1278 1682 1415; baseline 0.004 -30"><span class='ocrx_word' id='word_1_15' title='bbox 567 1278 697 1353; x_wconf 68' lang='lat' dir='ltr'>Le⁰¹⁴⁰</span> <span class='ocrx_word' id='word_1_16' title='bbox 724 1306 772 1357; x_wconf 66' lang='lat' dir='ltr'>W·</span> <span class='ocrx_word' id='word_1_17' title='bbox 1059 1312 1196 1387; x_wconf 83' lang='lat' dir='ltr'>ravotis</span> <span class='ocrx_word' id='word_1_18' title='bbox 1213 1314 1354 1414; x_wconf 89' lang='lat' dir='ltr'>quippe</span> <span class='ocrx_word' id='word_1_19' title='bbox 1370 1312 1590 1389; x_wconf 86' lang='lat' dir='ltr'>hominibus</span> <span class='ocrx_word' id='word_1_20' title='bbox 1602 1342 1682 1415; x_wconf 93' lang='lat' dir='ltr'>pro·</span> 
     </span>
     <span class='ocr_line' id='line_1_4' title="bbox 470 1338 1679 1515; baseline 0.007 -34"><span class='ocrx_word' id='word_1_21' title='bbox 470 1432 511 1485; x_wconf 89' lang='lat' dir='ltr'>os</span> <span class='ocrx_word' id='word_1_22' title='bbox 536 1410 714 1487; x_wconf 78' lang='lat' dir='ltr'>Fororius</span> <span class='ocrx_word' id='word_1_23' title='bbox 744 1411 995 1515; x_wconf 79' lang='lat' dir='ltr'>lotharingus</span> <span class='ocrx_word' id='word_1_24' title='bbox 1032 1338 1101 1485; x_wconf 63' lang='lat' dir='ltr'>Ero</span> <span class='ocrx_word' id='word_1_25' title='bbox 1129 1426 1212 1487; x_wconf 87' lang='lat' dir='ltr'>erat</span> <span class='ocrx_word' id='word_1_26' title='bbox 1227 1414 1326 1487; x_wconf 84' lang='lat' dir='ltr'>Petri</span> <span class='ocrx_word' id='word_1_27' title='bbox 1358 1412 1503 1514; x_wconf 87' lang='lat' dir='ltr'>religio.</span> <span class='ocrx_word' id='word_1_28' title='bbox 1528 1415 1679 1510; x_wconf 81' lang='lat' dir='ltr'><strong>Quare,</strong></span> 
     </span>
     <span class='ocr_line' id='line_1_5' title="bbox 402 1506 1677 1613; baseline 0.005 -30"><span class='ocrx_word' id='word_1_29' title='bbox 402 1506 509 1583; x_wconf 81' lang='lat' dir='ltr'>hisce</span> <span class='ocrx_word' id='word_1_30' title='bbox 522 1509 670 1585; x_wconf 83' lang='lat' dir='ltr'>tiltimis</span> <span class='ocrx_word' id='word_1_31' title='bbox 689 1512 922 1611; x_wconf 84' lang='lat' dir='ltr'>temporibus</span> <span class='ocrx_word' id='word_1_32' title='bbox 947 1512 993 1587; x_wconf 90' lang='lat' dir='ltr'>ad</span> <span class='ocrx_word' id='word_1_33' title='bbox 1032 1536 1078 1584; x_wconf 80' lang='lat' dir='ltr'>en</span> <span class='ocrx_word' id='word_1_34' title='bbox 1097 1510 1219 1586; x_wconf 93' lang='lat' dir='ltr'>tribus</span> <span class='ocrx_word' id='word_1_35' title='bbox 1234 1512 1423 1613; x_wconf 87' lang='lat' dir='ltr'>parochiis</span> <span class='ocrx_word' id='word_1_36' title='bbox 1440 1513 1511 1587; x_wconf 90' lang='lat' dir='ltr'>sibi</span> <span class='ocrx_word' id='word_1_37' title='bbox 1528 1514 1677 1608; x_wconf 79' lang='lat' dir='ltr'>oblatis,</span> 
     </span>
     <span class='ocr_line' id='line_1_6' title="bbox 337 1606 1681 1710; baseline 0.007 -31"><span class='ocrx_word' id='word_1_38' title='bbox 337 1606 541 1682; x_wconf 82' lang='lat' dir='ltr'>sacerdotii</span> <span class='ocrx_word' id='word_1_39' title='bbox 572 1609 715 1702; x_wconf 88' lang='lat' dir='ltr'>decus,</span> <span class='ocrx_word' id='word_1_40' title='bbox 755 1611 992 1687; x_wconf 87' lang='lat' dir='ltr'>sacerdotum</span> <span class='ocrx_word' id='word_1_41' title='bbox 1032 1632 1108 1685; x_wconf 84' lang='lat' dir='ltr'>una</span> <span class='ocrx_word' id='word_1_42' title='bbox 1128 1612 1350 1710; x_wconf 86' lang='lat' dir='ltr'>Mussiponti</span> <span class='ocrx_word' id='word_1_43' title='bbox 1371 1610 1596 1706; x_wconf 89' lang='lat' dir='ltr'>honorifica,</span> <span class='ocrx_word' id='word_1_44' title='bbox 1624 1615 1681 1688; x_wconf 79' lang='lat' dir='ltr'>ol-</span> 
     </span>
     <span class='ocr_line' id='line_1_7' title="bbox 338 1705 1683 1809; baseline 0.007 -30"><span class='ocrx_word' id='word_1_45' title='bbox 338 1705 557 1807; x_wconf 81' lang='lat' dir='ltr'>exomplum</span> <span class='ocrx_word' id='word_1_46' title='bbox 575 1723 615 1783; x_wconf 85' lang='lat' dir='ltr'>et</span> <span class='ocrx_word' id='word_1_47' title='bbox 638 1710 861 1809; x_wconf 88' lang='lat' dir='ltr'>populorum</span> <span class='ocrx_word' id='word_1_48' title='bbox 891 1712 996 1785; x_wconf 87' lang='lat' dir='ltr'>salo·</span> <span class='ocrx_word' id='word_1_49' title='bbox 1033 1723 1112 1784; x_wconf 87' lang='lat' dir='ltr'>tera</span> <span class='ocrx_word' id='word_1_50' title='bbox 1125 1711 1300 1785; x_wconf 76' lang='lat' dir='ltr'>Numenii</span> <span class='ocrx_word' id='word_1_51' title='bbox 1318 1712 1587 1806; x_wconf 89' lang='lat' dir='ltr'>commodiore,</span> <span class='ocrx_word' id='word_1_52' title='bbox 1607 1716 1683 1788; x_wconf 83' lang='lat' dir='ltr'>te&#39;r·</span> 
     </span>
     <span class='ocr_line' id='line_1_8' title="bbox 340 1807 1681 1912; baseline 0.007 -33"><span class='ocrx_word' id='word_1_53' title='bbox 340 1818 443 1898; x_wconf 88' lang='lat' dir='ltr'>tem,</span> <span class='ocrx_word' id='word_1_54' title='bbox 465 1808 682 1883; x_wconf 81' lang='lat' dir='ltr'>Mirecririae</span> <span class='ocrx_word' id='word_1_55' title='bbox 699 1811 739 1882; x_wconf 93' lang='lat' dir='ltr'>in</span> <span class='ocrx_word' id='word_1_56' title='bbox 757 1807 905 1885; x_wconf 80' lang='lat' dir='ltr'>dioecosi</span> <span class='ocrx_word' id='word_1_57' title='bbox 926 1836 996 1887; x_wconf 95' lang='lat' dir='ltr'>no-</span> <span class='ocrx_word' id='word_1_58' title='bbox 1032 1810 1123 1884; x_wconf 87' lang='lat' dir='ltr'>tiam</span> <span class='ocrx_word' id='word_1_59' title='bbox 1141 1810 1391 1884; x_wconf 83' lang='lat' dir='ltr'>Mattincoriae</span> <span class='ocrx_word' id='word_1_60' title='bbox 1408 1812 1584 1909; x_wconf 84' lang='lat' dir='ltr'>inopem,</span> <span class='ocrx_word' id='word_1_61' title='bbox 1604 1838 1681 1912; x_wconf 85' lang='lat' dir='ltr'>prae</span> 
     </span>
     <span class='ocr_line' id='line_1_9' title="bbox 339 1908 1696 2009; baseline 0.007 -32"><span class='ocrx_word' id='word_1_62' title='bbox 339 1918 416 1979; x_wconf 74' lang='lat' dir='ltr'>sua</span> <span class='ocrx_word' id='word_1_63' title='bbox 428 1919 558 1995; x_wconf 84' lang='lat' dir='ltr'>natus,</span> <span class='ocrx_word' id='word_1_64' title='bbox 576 1932 600 1981; x_wconf 87' lang='lat' dir='ltr'>a</span> <span class='ocrx_word' id='word_1_65' title='bbox 613 1908 754 1983; x_wconf 78' lang='lat' dir='ltr'>toneris</span> <span class='ocrx_word' id='word_1_66' title='bbox 772 1910 882 1983; x_wconf 88' lang='lat' dir='ltr'>annis</span> <span class='ocrx_word' id='word_1_67' title='bbox 898 1912 993 1985; x_wconf 90' lang='lat' dir='ltr'>mul·</span> <span class='ocrx_word' id='word_1_68' title='bbox 1033 1909 1247 2007; x_wconf 85' lang='lat' dir='ltr'>ignorontia</span> <span class='ocrx_word' id='word_1_69' title='bbox 1265 1924 1303 1984; x_wconf 88' lang='lat' dir='ltr'>et</span> <span class='ocrx_word' id='word_1_70' title='bbox 1318 1910 1418 1983; x_wconf 88' lang='lat' dir='ltr'>vitiis</span> <span class='ocrx_word' id='word_1_71' title='bbox 1435 1911 1573 2009; x_wconf 91' lang='lat' dir='ltr'>quibus</span> <span class='ocrx_word' id='word_1_72' title='bbox 1596 1937 1696 1988; x_wconf 89' lang='lat' dir='ltr'>sca·.</span> 
     </span>
     <span class='ocr_line' id='line_1_10' title="bbox 341 2004 1677 2111; baseline 0.007 -34"><span class='ocrx_word' id='word_1_73' title='bbox 341 2016 466 2083; x_wconf 83' lang='lat' dir='ltr'>tanec</span> <span class='ocrx_word' id='word_1_74' title='bbox 488 2004 610 2080; x_wconf 83' lang='lat' dir='ltr'>dirbia</span> <span class='ocrx_word' id='word_1_75' title='bbox 627 2006 733 2083; x_wconf 88' lang='lat' dir='ltr'>dedit</span> <span class='ocrx_word' id='word_1_76' title='bbox 749 2008 887 2083; x_wconf 77' lang='lat' dir='ltr'>iutorae</span> <span class='ocrx_word' id='word_1_77' title='bbox 905 2034 994 2084; x_wconf 88' lang='lat' dir='ltr'>san·</span> <span class='ocrx_word' id='word_1_78' title='bbox 1032 2006 1135 2083; x_wconf 83' lang='lat' dir='ltr'>tobat</span> <span class='ocrx_word' id='word_1_79' title='bbox 1164 2008 1495 2083; x_wconf 80' lang='lat' dir='ltr'>laboriosissimam</span> <span class='ocrx_word' id='word_1_80' title='bbox 1538 2011 1677 2111; x_wconf 75' lang='lat' dir='ltr'>elogit,</span> 
     </span>
     <span class='ocr_line' id='line_1_11' title="bbox 340 2104 1676 2208; baseline 0.005 -31"><span class='ocrx_word' id='word_1_81' title='bbox 340 2104 481 2179; x_wconf 78' lang='lat' dir='ltr'>clitotis</span> <span class='ocrx_word' id='word_1_82' title='bbox 510 2105 680 2201; x_wconf 81' lang='lat' dir='ltr'>indicia3</span> <span class='ocrx_word' id='word_1_83' title='bbox 716 2108 789 2181; x_wconf 84' lang='lat' dir='ltr'>fuit</span> <span class='ocrx_word' id='word_1_84' title='bbox 817 2110 920 2181; x_wconf 86' lang='lat' dir='ltr'>enim</span> <span class='ocrx_word' id='word_1_85' title='bbox 952 2111 993 2183; x_wconf 94' lang='lat' dir='ltr'>in</span> <span class='ocrx_word' id='word_1_86' title='bbox 1030 2108 1184 2208; x_wconf 82' lang='lat' dir='ltr'>ejosque</span> <span class='ocrx_word' id='word_1_87' title='bbox 1219 2108 1411 2207; x_wconf 78' lang='lat' dir='ltr'>proioctus</span> <span class='ocrx_word' id='word_1_88' title='bbox 1452 2122 1509 2183; x_wconf 87' lang='lat' dir='ltr'>est</span> <span class='ocrx_word' id='word_1_89' title='bbox 1534 2124 1676 2208; x_wconf 87' lang='lat' dir='ltr'>pastor.</span> 
     </span>
     <span class='ocr_line' id='line_1_12' title="bbox 339 2205 1681 2307; baseline 0.007 -32"><span class='ocrx_word' id='word_1_90' title='bbox 339 2205 455 2301; x_wconf 83' lang='lat' dir='ltr'>priero</span> <span class='ocrx_word' id='word_1_91' title='bbox 481 2230 597 2304; x_wconf 83' lang='lat' dir='ltr'>supra</span> <span class='ocrx_word' id='word_1_92' title='bbox 614 2208 763 2281; x_wconf 81' lang='lat' dir='ltr'>rctotem</span> <span class='ocrx_word' id='word_1_93' title='bbox 780 2208 991 2307; x_wconf 86' lang='lat' dir='ltr'>sapic&#39;ntia,</span> <span class='ocrx_word' id='word_1_94' title='bbox 1030 2208 1285 2283; x_wconf 81' lang='lat' dir='ltr'>l&#39;ormidolosa</span> <span class='ocrx_word' id='word_1_95' title='bbox 1326 2207 1463 2283; x_wconf 76' lang='lat' dir='ltr'>hibuit</span> <span class='ocrx_word' id='word_1_96' title='bbox 1503 2210 1681 2285; x_wconf 79' lang='lat' dir='ltr'>advorsus</span> 
     </span>
     <span class='ocr_line' id='line_1_13' title="bbox 337 2305 1678 2408; baseline 0.006 -33"><span class='ocrx_word' id='word_1_97' title='bbox 337 2305 479 2407; x_wconf 89' lang='lat' dir='ltr'>quippe</span> <span class='ocrx_word' id='word_1_98' title='bbox 508 2306 575 2403; x_wconf 91' lang='lat' dir='ltr'>qui</span> <span class='ocrx_word' id='word_1_99' title='bbox 601 2330 812 2405; x_wconf 84' lang='lat' dir='ltr'>numquam</span> <span class='ocrx_word' id='word_1_100' title='bbox 834 2308 993 2406; x_wconf 90' lang='lat' dir='ltr'>puerili·</span> <span class='ocrx_word' id='word_1_101' title='bbox 1029 2306 1232 2408; x_wconf 85' lang='lat' dir='ltr'>flagitiosos</span> <span class='ocrx_word' id='word_1_102' title='bbox 1264 2306 1420 2407; x_wconf 92' lang='lat' dir='ltr'>populos</span> <span class='ocrx_word' id='word_1_103' title='bbox 1450 2307 1678 2400; x_wconf 68' lang='lat' dir='ltr'>cenimina,</span> 
     </span>
     <span class='ocr_line' id='line_1_14' title="bbox 340 2404 1680 2507; baseline 0.005 -32"><span class='ocrx_word' id='word_1_104' title='bbox 340 2416 397 2475; x_wconf 85' lang='lat' dir='ltr'>ter</span> <span class='ocrx_word' id='word_1_105' title='bbox 413 2428 452 2479; x_wconf 87' lang='lat' dir='ltr'>se</span> <span class='ocrx_word' id='word_1_106' title='bbox 493 2405 638 2479; x_wconf 79' lang='lat' dir='ltr'>osserit.</span> <span class='ocrx_word' id='word_1_107' title='bbox 656 2404 800 2481; x_wconf 81' lang='lat' dir='ltr'>Scholae</span> <span class='ocrx_word' id='word_1_108' title='bbox 817 2406 990 2503; x_wconf 83' lang='lat' dir='ltr'>troditus,</span> <span class='ocrx_word' id='word_1_109' title='bbox 1029 2408 1267 2481; x_wconf 90' lang='lat' dir='ltr'>contumc&#39;liis</span> <span class='ocrx_word' id='word_1_110' title='bbox 1297 2431 1418 2506; x_wconf 77' lang='lat' dir='ltr'>saepe,</span> <span class='ocrx_word' id='word_1_111' title='bbox 1452 2408 1680 2507; x_wconf 76' lang='lat' dir='ltr'>quandoque</span> 
     </span>
     <span class='ocr_line' id='line_1_15' title="bbox 339 2504 1677 2607; baseline 0.004 -32"><span class='ocrx_word' id='word_1_112' title='bbox 339 2504 393 2576; x_wconf 89' lang='lat' dir='ltr'>sic</span> <span class='ocrx_word' id='word_1_113' title='bbox 413 2528 484 2603; x_wconf 94' lang='lat' dir='ltr'>pro</span> <span class='ocrx_word' id='word_1_114' title='bbox 512 2504 545 2577; x_wconf 90' lang='lat' dir='ltr'>is</span> <span class='ocrx_word' id='word_1_115' title='bbox 563 2504 833 2605; x_wconf 90' lang='lat' dir='ltr'>condiscipulis</span> <span class='ocrx_word' id='word_1_116' title='bbox 848 2506 993 2581; x_wconf 89' lang='lat' dir='ltr'>amicus</span> <span class='ocrx_word' id='word_1_117' title='bbox 1029 2506 1188 2581; x_wconf 79' lang='lat' dir='ltr'>fristibus</span> <span class='ocrx_word' id='word_1_118' title='bbox 1226 2520 1265 2581; x_wconf 86' lang='lat' dir='ltr'>et</span> <span class='ocrx_word' id='word_1_119' title='bbox 1295 2510 1432 2607; x_wconf 79' lang='lat' dir='ltr'>pugnis</span> <span class='ocrx_word' id='word_1_120' title='bbox 1469 2508 1677 2607; x_wconf 86' lang='lat' dir='ltr'>impetitus.</span> 
     </span>
     <span class='ocr_line' id='line_1_16' title="bbox 339 2602 1680 2706; baseline 0.004 -31"><span class='ocrx_word' id='word_1_121' title='bbox 339 2602 438 2685; x_wconf 80' lang='lat' dir='ltr'>fuit,</span> <span class='ocrx_word' id='word_1_122' title='bbox 468 2617 513 2679; x_wconf 90' lang='lat' dir='ltr'>ut</span> <span class='ocrx_word' id='word_1_123' title='bbox 542 2604 746 2679; x_wconf 80' lang='lat' dir='ltr'>effrenotos</span> <span class='ocrx_word' id='word_1_124' title='bbox 771 2604 827 2679; x_wconf 88' lang='lat' dir='ltr'>vel</span> <span class='ocrx_word' id='word_1_125' title='bbox 860 2630 992 2680; x_wconf 87' lang='lat' dir='ltr'>emen·</span> <span class='ocrx_word' id='word_1_126' title='bbox 1028 2605 1077 2681; x_wconf 84' lang='lat' dir='ltr'>At</span> <span class='ocrx_word' id='word_1_127' title='bbox 1101 2607 1202 2681; x_wconf 86' lang='lat' dir='ltr'>inter</span> <span class='ocrx_word' id='word_1_128' title='bbox 1231 2620 1287 2680; x_wconf 86' lang='lat' dir='ltr'>tot</span> <span class='ocrx_word' id='word_1_129' title='bbox 1310 2631 1439 2679; x_wconf 90' lang='lat' dir='ltr'>rerum</span> <span class='ocrx_word' id='word_1_130' title='bbox 1458 2608 1680 2706; x_wconf 75' lang='lat' dir='ltr'>asperitotes</span> 
     </span>
     <span class='ocr_line' id='line_1_17' title="bbox 339 2700 1678 2807; baseline 0.004 -34"><span class='ocrx_word' id='word_1_131' title='bbox 339 2700 483 2777; x_wconf 79' lang='lat' dir='ltr'>doridos</span> <span class='ocrx_word' id='word_1_132' title='bbox 526 2704 704 2795; x_wconf 68' lang='lat' dir='ltr'>cumiret,</span> <span class='ocrx_word' id='word_1_133' title='bbox 745 2704 804 2777; x_wconf 80' lang='lat' dir='ltr'>vel</span> <span class='ocrx_word' id='word_1_134' title='bbox 831 2705 993 2805; x_wconf 85' lang='lat' dir='ltr'>·fogeret</span> <span class='ocrx_word' id='word_1_135' title='bbox 1028 2730 1105 2778; x_wconf 93' lang='lat' dir='ltr'>non</span> <span class='ocrx_word' id='word_1_136' title='bbox 1136 2704 1251 2779; x_wconf 92' lang='lat' dir='ltr'>modo</span> <span class='ocrx_word' id='word_1_137' title='bbox 1281 2730 1357 2779; x_wconf 92' lang='lat' dir='ltr'>non</span> <span class='ocrx_word' id='word_1_138' title='bbox 1376 2705 1545 2805; x_wconf 90' lang='lat' dir='ltr'>elonguit</span> <span class='ocrx_word' id='word_1_139' title='bbox 1555 2731 1566 2797; x_wconf 83' lang='lat'>3</span> <span class='ocrx_word' id='word_1_140' title='bbox 1587 2709 1678 2807; x_wconf 91' lang='lat' dir='ltr'>quin</span> 
     </span>
     <span class='ocr_line' id='line_1_18' title="bbox 339 2802 1680 2905; baseline 0.003 -31"><span class='ocrx_word' id='word_1_141' title='bbox 339 2803 564 2897; x_wconf 80' lang='lat' dir='ltr'>pertinoces.</span> <span class='ocrx_word' id='word_1_142' title='bbox 580 2804 659 2878; x_wconf 90' lang='lat' dir='ltr'>Nec</span> <span class='ocrx_word' id='word_1_143' title='bbox 676 2802 761 2877; x_wconf 86' lang='lat' dir='ltr'>ullae</span> <span class='ocrx_word' id='word_1_144' title='bbox 778 2802 991 2879; x_wconf 87' lang='lat' dir='ltr'>adolesce&#39;n·</span> <span class='ocrx_word' id='word_1_145' title='bbox 1027 2828 1073 2877; x_wconf 90' lang='lat' dir='ltr'>eo</span> <span class='ocrx_word' id='word_1_146' title='bbox 1091 2808 1212 2905; x_wconf 89' lang='lat' dir='ltr'>magis</span> <span class='ocrx_word' id='word_1_147' title='bbox 1229 2806 1306 2877; x_wconf 88' lang='lat' dir='ltr'>suis</span> <span class='ocrx_word' id='word_1_148' title='bbox 1330 2804 1522 2880; x_wconf 79' lang='lat' dir='ltr'>benoficus</span> <span class='ocrx_word' id='word_1_149' title='bbox 1545 2806 1680 2878; x_wconf 87' lang='lat' dir='ltr'>inimi-</span> 
     </span>
     <span class='ocr_line' id='line_1_19' title="bbox 338 2902 1678 3005; baseline 0.003 -32"><span class='ocrx_word' id='word_1_150' title='bbox 338 2914 414 2975; x_wconf 85' lang='lat' dir='ltr'>tem</span> <span class='ocrx_word' id='word_1_151' title='bbox 429 2902 618 2977; x_wconf 82' lang='lat' dir='ltr'>vitiorunt</span> <span class='ocrx_word' id='word_1_152' title='bbox 634 2902 853 2977; x_wconf 83' lang='lat' dir='ltr'>deliciorum</span> <span class='ocrx_word' id='word_1_153' title='bbox 869 2904 990 2979; x_wconf 82' lang='lat' dir='ltr'>illoce·</span> <span class='ocrx_word' id='word_1_154' title='bbox 1027 2905 1092 2997; x_wconf 91' lang='lat' dir='ltr'>cis,</span> <span class='ocrx_word' id='word_1_155' title='bbox 1109 2905 1236 3005; x_wconf 88' lang='lat' dir='ltr'>largus</span> <span class='ocrx_word' id='word_1_156' title='bbox 1253 2905 1291 2976; x_wconf 90' lang='lat' dir='ltr'>in</span> <span class='ocrx_word' id='word_1_157' title='bbox 1306 2905 1502 3003; x_wconf 81' lang='lat' dir='ltr'>poupercs,</span> <span class='ocrx_word' id='word_1_158' title='bbox 1518 2904 1678 2978; x_wconf 88' lang='lat' dir='ltr'>orationi</span> 
     </span>
     <span class='ocr_line' id='line_1_20' title="bbox 338 3000 1678 3103; baseline 0.002 -29"><span class='ocrx_word' id='word_1_159' title='bbox 338 3000 413 3075; x_wconf 81' lang='lat' dir='ltr'>brae</span> <span class='ocrx_word' id='word_1_160' title='bbox 433 3030 443 3075; x_wconf 91' lang='lat'><strong>:</strong></span> <span class='ocrx_word' id='word_1_161' title='bbox 463 3028 541 3101; x_wconf 87' lang='lat' dir='ltr'>qua</span> <span class='ocrx_word' id='word_1_162' title='bbox 572 3003 675 3076; x_wconf 90' lang='lat' dir='ltr'>enim</span> <span class='ocrx_word' id='word_1_163' title='bbox 702 3004 812 3077; x_wconf 80' lang='lat' dir='ltr'>aetote</span> <span class='ocrx_word' id='word_1_164' title='bbox 831 3003 989 3103; x_wconf 80' lang='lat' dir='ltr'>jovenes</span> <span class='ocrx_word' id='word_1_165' title='bbox 1027 3018 1065 3077; x_wconf 84' lang='lat' dir='ltr'>et</span> <span class='ocrx_word' id='word_1_166' title='bbox 1090 3001 1208 3077; x_wconf 87' lang='lat' dir='ltr'>verbo</span> <span class='ocrx_word' id='word_1_167' title='bbox 1232 3004 1301 3076; x_wconf 90' lang='lat' dir='ltr'>Dei</span> <span class='ocrx_word' id='word_1_168' title='bbox 1319 3002 1514 3091; x_wconf 81' lang='lat' dir='ltr'>assiduus,</span> <span class='ocrx_word' id='word_1_169' title='bbox 1544 3006 1678 3103; x_wconf 90' lang='lat' dir='ltr'>optimi</span> 
     </span>
     <span class='ocr_line' id='line_1_21' title="bbox 337 3100 1677 3203; baseline 0.005 -32"><span class='ocrx_word' id='word_1_170' title='bbox 337 3100 990 3203; x_wconf 79' lang='lat' dir='ltr'>indomitaeffeminturvoluptotum</span> <span class='ocrx_word' id='word_1_171' title='bbox 1026 3104 1187 3203; x_wconf 86' lang='lat' dir='ltr'>pastoris</span> <span class='ocrx_word' id='word_1_172' title='bbox 1212 3103 1340 3177; x_wconf 83' lang='lat' dir='ltr'>officia</span> <span class='ocrx_word' id='word_1_173' title='bbox 1357 3115 1464 3176; x_wconf 85' lang='lat' dir='ltr'>tanta</span> <span class='ocrx_word' id='word_1_174' title='bbox 1487 3102 1563 3177; x_wconf 86' lang='lat' dir='ltr'>fide</span> <span class='ocrx_word' id='word_1_175' title='bbox 1581 3128 1677 3202; x_wconf 80' lang='lat' dir='ltr'>pra·-</span> 
     </span>
     <span class='ocr_line' id='line_1_22' title="bbox 337 3200 1678 3304; baseline 0.003 -32"><span class='ocrx_word' id='word_1_176' title='bbox 337 3200 516 3299; x_wconf 85' lang='lat' dir='ltr'>cupidinc</span> <span class='ocrx_word' id='word_1_177' title='bbox 533 3260 542 3294; x_wconf 98' lang='lat'>,</span> <span class='ocrx_word' id='word_1_178' title='bbox 577 3203 610 3276; x_wconf 92' lang='lat' dir='ltr'>is</span> <span class='ocrx_word' id='word_1_179' title='bbox 639 3200 902 3301; x_wconf 80' lang='lat' dir='ltr'>baptismolem</span> <span class='ocrx_word' id='word_1_180' title='bbox 932 3204 991 3277; x_wconf 91' lang='lat' dir='ltr'>in·</span> <span class='ocrx_word' id='word_1_181' title='bbox 1025 3204 1143 3293; x_wconf 85' lang='lat' dir='ltr'>stitit,</span> <span class='ocrx_word' id='word_1_182' title='bbox 1165 3216 1207 3276; x_wconf 93' lang='lat' dir='ltr'>ut</span> <span class='ocrx_word' id='word_1_183' title='bbox 1222 3226 1376 3304; x_wconf 88' lang='lat' dir='ltr'>gregem</span> <span class='ocrx_word' id='word_1_184' title='bbox 1390 3226 1500 3275; x_wconf 88' lang='lat' dir='ltr'>suum</span> <span class='ocrx_word' id='word_1_185' title='bbox 1517 3204 1595 3275; x_wconf 86' lang='lat' dir='ltr'>Deo</span> <span class='ocrx_word' id='word_1_186' title='bbox 1611 3203 1678 3276; x_wconf 89' lang='lat' dir='ltr'>de-</span> 
     </span>
     <span class='ocr_line' id='line_1_23' title="bbox 337 3300 1677 3403; baseline 0.001 -29"><span class='ocrx_word' id='word_1_187' title='bbox 337 3300 554 3375; x_wconf 84' lang='lat' dir='ltr'>uocc&#39;ntiam</span> <span class='ocrx_word' id='word_1_188' title='bbox 591 3302 768 3401; x_wconf 82' lang='lat' dir='ltr'>jejonio,</span> <span class='ocrx_word' id='word_1_189' title='bbox 802 3302 986 3403; x_wconf 78' lang='lat' dir='ltr'>flagellis,</span> <span class='ocrx_word' id='word_1_190' title='bbox 1025 3302 1259 3377; x_wconf 91' lang='lat' dir='ltr'>votissimum</span> <span class='ocrx_word' id='word_1_191' title='bbox 1287 3301 1433 3401; x_wconf 84' lang='lat' dir='ltr'>sibique</span> <span class='ocrx_word' id='word_1_192' title='bbox 1459 3302 1530 3399; x_wconf 90' lang='lat' dir='ltr'>ipsi</span> <span class='ocrx_word' id='word_1_193' title='bbox 1553 3302 1677 3375; x_wconf 83' lang='lat' dir='ltr'>derin-</span> 
     </span>
     <span class='ocr_line' id='line_1_24' title="bbox 337 3399 1570 3501; baseline 0 -28"><span class='ocrx_word' id='word_1_194' title='bbox 337 3400 457 3473; x_wconf 90' lang='lat' dir='ltr'>cilicio</span> <span class='ocrx_word' id='word_1_195' title='bbox 486 3399 710 3500; x_wconf 76' lang='lat' dir='ltr'>irequonti,</span> <span class='ocrx_word' id='word_1_196' title='bbox 755 3402 989 3501; x_wconf 76' lang='lat' dir='ltr'>irequontius</span> <span class='ocrx_word' id='word_1_197' title='bbox 1024 3416 1129 3475; x_wconf 91' lang='lat' dir='ltr'>ctum</span> <span class='ocrx_word' id='word_1_198' title='bbox 1148 3400 1375 3475; x_wconf 81' lang='lat' dir='ltr'>mirabiliter</span> <span class='ocrx_word' id='word_1_199' title='bbox 1392 3400 1570 3475; x_wconf 79' lang='lat' dir='ltr'>cllocerit.</span> 
     </span>
     <span class='ocr_line' id='line_1_25' title="bbox 338 3498 1677 3600; baseline -0.001 -27"><span class='ocrx_word' id='word_1_200' title='bbox 338 3498 512 3600; x_wconf 82' lang='lat' dir='ltr'>pnicibus</span> <span class='ocrx_word' id='word_1_201' title='bbox 542 3516 583 3574; x_wconf 88' lang='lat' dir='ltr'>et</span> <span class='ocrx_word' id='word_1_202' title='bbox 612 3502 796 3575; x_wconf 78' lang='lat' dir='ltr'>sonsuum‘</span> <span class='ocrx_word' id='word_1_203' title='bbox 814 3501 989 3575; x_wconf 90' lang='lat' dir='ltr'>modera-</span> <span class='ocrx_word' id='word_1_204' title='bbox 1027 3508 1066 3597; x_wconf 74' lang='lat' dir='ltr'>nl.</span> <span class='ocrx_word' id='word_1_205' title='bbox 1110 3500 1256 3576; x_wconf 83' lang='lat' dir='ltr'>Obtulit</span> <span class='ocrx_word' id='word_1_206' title='bbox 1293 3500 1555 3574; x_wconf 81' lang='lat' dir='ltr'>holocoustum</span> <span class='ocrx_word' id='word_1_207' title='bbox 1596 3502 1677 3572; x_wconf 88' lang='lat' dir='ltr'>Do-</span> 
     </span>
     <span class='ocr_line' id='line_1_26' title="bbox 336 3597 1677 3694; baseline -0.001 -20"><span class='ocrx_word' id='word_1_208' title='bbox 336 3598 439 3674; x_wconf 87' lang='lat' dir='ltr'>tione</span> <span class='ocrx_word' id='word_1_209' title='bbox 492 3601 755 3676; x_wconf 83' lang='lat' dir='ltr'>indesinonter</span> <span class='ocrx_word' id='word_1_210' title='bbox 795 3601 985 3676; x_wconf 75' lang='lat' dir='ltr'>tuebitur.</span> <span class='ocrx_word' id='word_1_211' title='bbox 1024 3601 1146 3694; x_wconf 91' lang='lat' dir='ltr'>mino,</span> <span class='ocrx_word' id='word_1_212' title='bbox 1167 3597 1446 3676; x_wconf 82' lang='lat' dir='ltr'>*Etclamovit</span> <span class='ocrx_word' id='word_1_213' title='bbox 1469 3598 1517 3672; x_wconf 86' lang='lat' dir='ltr'>ad</span> <span class='ocrx_word' id='word_1_214' title='bbox 1544 3601 1677 3673; x_wconf 89' lang='lat' dir='ltr'>llorui·</span> 
     </span>
     <span class='ocr_line' id='line_1_27' title="bbox 337 3699 1676 3802; baseline -0.004 -24"><span class='ocrx_word' id='word_1_215' title='bbox 337 3699 418 3778; x_wconf 86' lang='lat' dir='ltr'>Non</span> <span class='ocrx_word' id='word_1_216' title='bbox 449 3715 534 3775; x_wconf 81' lang='lat' dir='ltr'>erat</span> <span class='ocrx_word' id='word_1_217' title='bbox 559 3701 657 3775; x_wconf 72' lang='lat' dir='ltr'>alius</span> <span class='ocrx_word' id='word_1_218' title='bbox 683 3702 788 3800; x_wconf 86' lang='lat' dir='ltr'>cujus</span> <span class='ocrx_word' id='word_1_219' title='bbox 810 3716 906 3776; x_wconf 84' lang='lat' dir='ltr'>esset</span> <span class='ocrx_word' id='word_1_220' title='bbox 923 3717 989 3776; x_wconf 83' lang='lat' dir='ltr'>eut</span> <span class='ocrx_word' id='word_1_221' title='bbox 1024 3725 1116 3774; x_wconf 93' lang='lat' dir='ltr'>num</span> <span class='ocrx_word' id='word_1_222' title='bbox 1146 3727 1217 3802; x_wconf 93' lang='lat' dir='ltr'>pro</span> <span class='ocrx_word' id='word_1_223' title='bbox 1239 3701 1378 3792; x_wconf 85' lang='lat' dir='ltr'>lsrael,</span> <span class='ocrx_word' id='word_1_224' title='bbox 1417 3712 1457 3772; x_wconf 90' lang='lat' dir='ltr'>et</span> <span class='ocrx_word' id='word_1_225' title='bbox 1480 3699 1676 3773; x_wconf 83' lang='lat' dir='ltr'>exaudivit</span> 
     </span>
     <span class='ocr_line' id='line_1_28' title="bbox 333 3797 1674 3893; baseline -0.001 -20"><span class='ocrx_word' id='word_1_226' title='bbox 333 3800 500 3874; x_wconf 79' lang='lat' dir='ltr'>incossus</span> <span class='ocrx_word' id='word_1_227' title='bbox 525 3800 746 3893; x_wconf 79' lang='lat' dir='ltr'>modostior,</span> <span class='ocrx_word' id='word_1_228' title='bbox 778 3815 845 3876; x_wconf 88' lang='lat' dir='ltr'>aut</span> <span class='ocrx_word' id='word_1_229' title='bbox 869 3801 983 3874; x_wconf 83' lang='lat' dir='ltr'>fami·</span> <span class='ocrx_word' id='word_1_230' title='bbox 1023 3826 1110 3875; x_wconf 90' lang='lat' dir='ltr'>eum</span> <span class='ocrx_word' id='word_1_231' title='bbox 1150 3801 1347 3876; x_wconf 77' lang='lat' dir='ltr'>Dominus.</span> <span class='ocrx_word' id='word_1_232' title='bbox 1398 3797 1437 3882; x_wconf 67' lang='lat' dir='ltr'>i.</span> <span class='ocrx_word' id='word_1_233' title='bbox 1458 3798 1674 3872; x_wconf 78' lang='lat' dir='ltr'>Plurimum</span> 
     </span>
     <span class='ocr_line' id='line_1_29' title="bbox 333 3899 1674 3998; baseline -0.002 -25"><span class='ocrx_word' id='word_1_234' title='bbox 333 3901 435 3974; x_wconf 83' lang='lat' dir='ltr'>lioris</span> <span class='ocrx_word' id='word_1_235' title='bbox 451 3899 611 3976; x_wconf 74' lang='lat' dir='ltr'>habitus</span> <span class='ocrx_word' id='word_1_236' title='bbox 623 3900 903 3995; x_wconf 68' lang='lat' dir='ltr'>condecentior,</span> <span class='ocrx_word' id='word_1_237' title='bbox 922 3915 988 3975; x_wconf 85' lang='lat' dir='ltr'>aut</span> <span class='ocrx_word' id='word_1_238' title='bbox 1022 3900 1185 3974; x_wconf 85' lang='lat' dir='ltr'>hostiam</span> <span class='ocrx_word' id='word_1_239' title='bbox 1201 3899 1340 3974; x_wconf 87' lang='lat' dir='ltr'>obtulit</span> <span class='ocrx_word' id='word_1_240' title='bbox 1355 3901 1446 3987; x_wconf 89' lang='lat' dir='ltr'>Deo,</span> <span class='ocrx_word' id='word_1_241' title='bbox 1474 3922 1542 3996; x_wconf 89' lang='lat' dir='ltr'>per</span> <span class='ocrx_word' id='word_1_242' title='bbox 1558 3923 1674 3998; x_wconf 89' lang='lat' dir='ltr'>quarn</span> 
     </span>
     <span class='ocr_line' id='line_1_30' title="bbox 333 3998 1673 4088; baseline -0.001 -15"><span class='ocrx_word' id='word_1_243' title='bbox 333 4000 453 4074; x_wconf 76' lang='lat' dir='ltr'>onitin</span> <span class='ocrx_word' id='word_1_244' title='bbox 479 4001 716 4088; x_wconf 78' lang='lat' dir='ltr'>fervontior,</span> <span class='ocrx_word' id='word_1_245' title='bbox 746 4013 813 4074; x_wconf 83' lang='lat' dir='ltr'>aut</span> <span class='ocrx_word' id='word_1_246' title='bbox 841 4000 987 4074; x_wconf 85' lang='lat' dir='ltr'>felicior</span> <span class='ocrx_word' id='word_1_247' title='bbox 1023 4001 1277 4076; x_wconf 88' lang='lat' dir='ltr'>testimonium</span> <span class='ocrx_word' id='word_1_248' title='bbox 1293 3998 1673 4072; x_wconf 83' lang='lat' dir='ltr'>consecritusestesse</span> 
     </span>
     <span class='ocr_line' id='line_1_31' title="bbox 332 4097 1442 4202; baseline 0 -30"><span class='ocrx_word' id='word_1_249' title='bbox 332 4099 562 4175; x_wconf 83' lang='lat' dir='ltr'>studiositas.</span> <span class='ocrx_word' id='word_1_250' title='bbox 577 4099 753 4174; x_wconf 86' lang='lat' dir='ltr'>Hincilla</span> <span class='ocrx_word' id='word_1_251' title='bbox 769 4097 985 4202; x_wconf 80' lang='lat' dir='ltr'>linguorum</span> <span class='ocrx_word' id='word_1_252' title='bbox 1016 4100 1151 4198; x_wconf 83' lang='lat' dir='ltr'>justus.</span> <span class='ocrx_word' id='word_1_253' title='bbox 1173 4101 1234 4173; x_wconf 84' lang='lat' dir='ltr'>Et.</span> <span class='ocrx_word' id='word_1_254' title='bbox 1439 4159 1442 4164; x_wconf 92' lang='lat'>.</span> 
     </span>
     <span class='ocr_line' id='line_1_32' title="bbox 331 4197 1442 4298; baseline 0 -23"><span class='ocrx_word' id='word_1_255' title='bbox 331 4223 460 4298; x_wconf 72' lang='lat' dir='ltr'>graecae</span> <span class='ocrx_word' id='word_1_256' title='bbox 484 4213 525 4275; x_wconf 87' lang='lat' dir='ltr'>et</span> <span class='ocrx_word' id='word_1_257' title='bbox 549 4197 677 4275; x_wconf 84' lang='lat' dir='ltr'>latinae</span> <span class='ocrx_word' id='word_1_258' title='bbox 705 4198 866 4298; x_wconf 86' lang='lat' dir='ltr'>peritia,</span> <span class='ocrx_word' id='word_1_259' title='bbox 894 4225 987 4298; x_wconf 86' lang='lat' dir='ltr'>quus</span> <span class='ocrx_word' id='word_1_260' title='bbox 1259 4201 1388 4276; x_wconf 86' lang='lat' dir='ltr'>Lectio</span> <span class='ocrx_word' id='word_1_261' title='bbox 1403 4226 1442 4275; x_wconf 80' lang='lat' dir='ltr'>v.</span> 
     </span>
     <span class='ocr_line' id='line_1_33' title="bbox 331 4295 1674 4396; baseline -0.004 -25"><span class='ocrx_word' id='word_1_262' title='bbox 331 4299 384 4372; x_wconf 88' lang='lat' dir='ltr'>illi</span> <span class='ocrx_word' id='word_1_263' title='bbox 423 4297 650 4374; x_wconf 82' lang='lat' dir='ltr'>vernoculas</span> <span class='ocrx_word' id='word_1_264' title='bbox 688 4298 844 4374; x_wconf 85' lang='lat' dir='ltr'>diceres.</span> <span class='ocrx_word' id='word_1_265' title='bbox 889 4300 986 4374; x_wconf 87' lang='lat' dir='ltr'>Hinc</span> <span class='ocrx_word' id='word_1_266' title='bbox 1101 4323 1233 4374; x_wconf 76' lang='lat' dir='ltr'>ocsrur</span> <span class='ocrx_word' id='word_1_267' title='bbox 1250 4295 1405 4372; x_wconf 88' lang='lat' dir='ltr'>interim</span> <span class='ocrx_word' id='word_1_268' title='bbox 1430 4297 1674 4396; x_wconf 38' lang='lat' dir='ltr'>expugnatrix</span> 
     </span>
     <span class='ocr_line' id='line_1_34' title="bbox 331 4395 1673 4500; baseline -0.001 -30"><span class='ocrx_word' id='word_1_269' title='bbox 331 4399 384 4472; x_wconf 90' lang='lat' dir='ltr'>illi</span> <span class='ocrx_word' id='word_1_270' title='bbox 408 4399 549 4499; x_wconf 89' lang='lat' dir='ltr'>quibus</span> <span class='ocrx_word' id='word_1_271' title='bbox 572 4399 733 4498; x_wconf 83' lang='lat' dir='ltr'>proiocit</span> <span class='ocrx_word' id='word_1_272' title='bbox 756 4397 894 4472; x_wconf 88' lang='lat' dir='ltr'>divinis</span> <span class='ocrx_word' id='word_1_273' title='bbox 921 4399 986 4472; x_wconf 90' lang='lat' dir='ltr'>lit·</span> <span class='ocrx_word' id='word_1_274' title='bbox 1117 4423 1181 4472; x_wconf 91' lang='lat' dir='ltr'>rus</span> <span class='ocrx_word' id='word_1_275' title='bbox 1211 4398 1445 4500; x_wconf 80' lang='lat' dir='ltr'>grassontem</span> <span class='ocrx_word' id='word_1_276' title='bbox 1475 4395 1514 4467; x_wconf 93' lang='lat' dir='ltr'>in</span> <span class='ocrx_word' id='word_1_277' title='bbox 1549 4399 1673 4470; x_wconf 86' lang='lat' dir='ltr'>comi-</span> 
     </span>
     <span class='ocr_line' id='line_1_35' title="bbox 333 4494 1672 4601; baseline -0.001 -29"><span class='ocrx_word' id='word_1_278' title='bbox 333 4500 419 4572; x_wconf 83' lang='lat' dir='ltr'>teris</span> <span class='ocrx_word' id='word_1_279' title='bbox 433 4497 986 4601; x_wconf 82' lang='lat' dir='ltr'>progrossus,quoslaudairunt</span> <span class='ocrx_word' id='word_1_280' title='bbox 1022 4497 1102 4571; x_wconf 81' lang='lat' dir='ltr'>totu</span> <span class='ocrx_word' id='word_1_281' title='bbox 1128 4498 1311 4572; x_wconf 81' lang='lat' dir='ltr'>Salmonsi</span> <span class='ocrx_word' id='word_1_282' title='bbox 1337 4494 1510 4569; x_wconf 86' lang='lat' dir='ltr'>haeresim</span> <span class='ocrx_word' id='word_1_283' title='bbox 1535 4495 1672 4570; x_wconf 77' lang='lat' dir='ltr'>:velox</span> 
     </span>
     <span class='ocr_line' id='line_1_36' title="bbox 332 4595 1673 4698; baseline -0.003 -26"><span class='ocrx_word' id='word_1_284' title='bbox 332 4597 599 4698; x_wconf 84' lang='lat' dir='ltr'>condiscipuli,</span> <span class='ocrx_word' id='word_1_285' title='bbox 628 4623 722 4697; x_wconf 91' lang='lat' dir='ltr'>quos</span> <span class='ocrx_word' id='word_1_286' title='bbox 747 4598 873 4671; x_wconf 79' lang='lat' dir='ltr'>miroti</span> <span class='ocrx_word' id='word_1_287' title='bbox 897 4612 986 4673; x_wconf 85' lang='lat' dir='ltr'>sunt</span> <span class='ocrx_word' id='word_1_288' title='bbox 1020 4609 1060 4669; x_wconf 90' lang='lat' dir='ltr'>et</span> <span class='ocrx_word' id='word_1_289' title='bbox 1075 4597 1268 4671; x_wconf 87' lang='lat' dir='ltr'>animosus</span> <span class='ocrx_word' id='word_1_290' title='bbox 1288 4595 1454 4669; x_wconf 88' lang='lat' dir='ltr'>occorrit</span> <span class='ocrx_word' id='word_1_291' title='bbox 1468 4618 1480 4687; x_wconf 83' lang='lat'>3</span> <span class='ocrx_word' id='word_1_292' title='bbox 1496 4607 1673 4694; x_wconf 85' lang='lat' dir='ltr'>etquen-</span> 
     </span>
     <span class='ocr_line' id='line_1_37' title="bbox 333 4694 1674 4800; baseline -0.002 -30"><span class='ocrx_word' id='word_1_293' title='bbox 333 4699 519 4800; x_wconf 87' lang='lat' dir='ltr'>magistri.</span> <span class='ocrx_word' id='word_1_294' title='bbox 548 4695 703 4772; x_wconf 84' lang='lat' dir='ltr'>Annum</span> <span class='ocrx_word' id='word_1_295' title='bbox 733 4721 848 4798; x_wconf 82' lang='lat' dir='ltr'>ageos</span> <span class='ocrx_word' id='word_1_296' title='bbox 882 4695 983 4798; x_wconf 87' lang='lat' dir='ltr'>vige&#39;·</span> <span class='ocrx_word' id='word_1_297' title='bbox 1021 4721 1135 4793; x_wconf 92' lang='lat' dir='ltr'>quam</span> <span class='ocrx_word' id='word_1_298' title='bbox 1178 4697 1337 4770; x_wconf 79' lang='lat' dir='ltr'>inormis</span> <span class='ocrx_word' id='word_1_299' title='bbox 1373 4694 1563 4794; x_wconf 77' lang='lat' dir='ltr'>pugnaret</span> <span class='ocrx_word' id='word_1_300' title='bbox 1603 4721 1674 4793; x_wconf 89' lang='lat' dir='ltr'>pro</span> 
     </span>
     <span class='ocr_line' id='line_1_38' title="bbox 332 4793 1672 4891; baseline -0.003 -21"><span class='ocrx_word' id='word_1_301' title='bbox 332 4799 498 4888; x_wconf 85' lang='lat' dir='ltr'>simum,</span> <span class='ocrx_word' id='word_1_302' title='bbox 521 4797 653 4870; x_wconf 82' lang='lat' dir='ltr'>divina</span> <span class='ocrx_word' id='word_1_303' title='bbox 668 4795 864 4872; x_wconf 84' lang='lat' dir='ltr'>vocatione</span> <span class='ocrx_word' id='word_1_304' title='bbox 880 4798 985 4871; x_wconf 85' lang='lat' dir='ltr'>venit</span> <span class='ocrx_word' id='word_1_305' title='bbox 1021 4799 1122 4884; x_wconf 75' lang='lat' dir='ltr'>lieo,</span> <span class='ocrx_word' id='word_1_306' title='bbox 1143 4795 1346 4870; x_wconf 88' lang='lat' dir='ltr'>sacerdotis</span> <span class='ocrx_word' id='word_1_307' title='bbox 1373 4793 1582 4867; x_wconf 81' lang='lat' dir='ltr'>coustontin</span> <span class='ocrx_word' id='word_1_308' title='bbox 1607 4797 1672 4891; x_wconf 93' lang='lat' dir='ltr'>po·</span> 
     </span>
     <span class='ocr_line' id='line_1_39' title="bbox 332 4891 1671 4998; baseline -0.002 -30"><span class='ocrx_word' id='word_1_309' title='bbox 332 4897 378 4969; x_wconf 84' lang='lat' dir='ltr'>ad</span> <span class='ocrx_word' id='word_1_310' title='bbox 421 4898 705 4972; x_wconf 73' lang='lat' dir='ltr'>canonicorum</span> <span class='ocrx_word' id='word_1_311' title='bbox 738 4893 982 4998; x_wconf 78' lang='lat' dir='ltr'>Regulorium</span> <span class='ocrx_word' id='word_1_312' title='bbox 1020 4895 1151 4994; x_wconf 89' lang='lat' dir='ltr'>pulum</span> <span class='ocrx_word' id='word_1_313' title='bbox 1205 4894 1396 4969; x_wconf 89' lang='lat' dir='ltr'>erroribus</span> <span class='ocrx_word' id='word_1_314' title='bbox 1451 4891 1671 4966; x_wconf 85' lang='lat' dir='ltr'>calvinionis</span> 
     </span>
     <span class='ocr_line' id='line_1_40' title="bbox 331 4991 1672 5094; baseline -0.004 -24"><span class='ocrx_word' id='word_1_315' title='bbox 331 4997 530 5086; x_wconf 86' lang='lat' dir='ltr'>Ordinem,</span> <span class='ocrx_word' id='word_1_316' title='bbox 560 5001 667 5094; x_wconf 88' lang='lat' dir='ltr'>cujus</span> <span class='ocrx_word' id='word_1_317' title='bbox 692 4994 866 5070; x_wconf 86' lang='lat' dir='ltr'>hobitum</span> <span class='ocrx_word' id='word_1_318' title='bbox 897 5021 978 5070; x_wconf 90' lang='lat' dir='ltr'>sus·</span> <span class='ocrx_word' id='word_1_319' title='bbox 1019 4995 1207 5069; x_wconf 84' lang='lat' dir='ltr'>irretitum</span> <span class='ocrx_word' id='word_1_320' title='bbox 1241 4992 1418 5072; x_wconf 85' lang='lat' dir='ltr'>Eccle&#39;siae</span> <span class='ocrx_word' id='word_1_321' title='bbox 1443 4991 1588 5092; x_wconf 86' lang='lat' dir='ltr'>grc&#39;mio</span> <span class='ocrx_word' id='word_1_322' title='bbox 1607 5017 1672 5064; x_wconf 87' lang='lat' dir='ltr'>re·</span> 
     </span>
     <span class='ocr_line' id='line_1_41' title="bbox 331 5091 1670 5196; baseline -0.003 -28"><span class='ocrx_word' id='word_1_323' title='bbox 331 5097 452 5196; x_wconf 79' lang='lat' dir='ltr'>cripit,</span> <span class='ocrx_word' id='word_1_324' title='bbox 483 5110 524 5171; x_wconf 87' lang='lat' dir='ltr'>et</span> <span class='ocrx_word' id='word_1_325' title='bbox 544 5109 634 5168; x_wconf 87' lang='lat' dir='ltr'>vota</span> <span class='ocrx_word' id='word_1_326' title='bbox 656 5095 840 5171; x_wconf 83' lang='lat' dir='ltr'>solomnia</span> <span class='ocrx_word' id='word_1_327' title='bbox 865 5096 983 5170; x_wconf 81' lang='lat' dir='ltr'>odidit</span> <span class='ocrx_word' id='word_1_328' title='bbox 1018 5095 1165 5186; x_wconf 90' lang='lat' dir='ltr'>stituit,</span> <span class='ocrx_word' id='word_1_329' title='bbox 1198 5094 1342 5192; x_wconf 90' lang='lat' dir='ltr'>Deique</span> <span class='ocrx_word' id='word_1_330' title='bbox 1371 5092 1517 5167; x_wconf 90' lang='lat' dir='ltr'>cultum</span> <span class='ocrx_word' id='word_1_331' title='bbox 1552 5091 1593 5162; x_wconf 93' lang='lat' dir='ltr'>in</span> <span class='ocrx_word' id='word_1_332' title='bbox 1624 5115 1670 5164; x_wconf 89' lang='lat' dir='ltr'>eo</span> 
     </span>
     <span class='ocr_line' id='line_1_42' title="bbox 333 5188 1670 5293; baseline -0.001 -27"><span class='ocrx_word' id='word_1_333' title='bbox 333 5195 368 5270; x_wconf 91' lang='lat' dir='ltr'>in</span> <span class='ocrx_word' id='word_1_334' title='bbox 393 5195 550 5270; x_wconf 79' lang='lat' dir='ltr'>abbotia</span> <span class='ocrx_word' id='word_1_335' title='bbox 579 5196 880 5270; x_wconf 73' lang='lat' dir='ltr'>calmosiacensi.</span> <span class='ocrx_word' id='word_1_336' title='bbox 912 5195 984 5270; x_wconf 82' lang='lat' dir='ltr'>llo-</span> <span class='ocrx_word' id='word_1_337' title='bbox 1020 5193 1160 5293; x_wconf 88' lang='lat' dir='ltr'>templo</span> <span class='ocrx_word' id='word_1_338' title='bbox 1185 5192 1421 5279; x_wconf 85' lang='lat' dir='ltr'>restaurovit,</span> <span class='ocrx_word' id='word_1_339' title='bbox 1437 5188 1540 5288; x_wconf 94' lang='lat' dir='ltr'>quod</span> <span class='ocrx_word' id='word_1_340' title='bbox 1557 5191 1670 5264; x_wconf 85' lang='lat' dir='ltr'>ontea</span> 
     </span>
     <span class='ocr_line' id='line_1_43' title="bbox 333 5289 1670 5396; baseline -0.001 -31"><span class='ocrx_word' id='word_1_341' title='bbox 333 5293 401 5370; x_wconf 85' lang='lat' dir='ltr'>luit</span> <span class='ocrx_word' id='word_1_342' title='bbox 435 5295 602 5370; x_wconf 87' lang='lat' dir='ltr'>multum</span> <span class='ocrx_word' id='word_1_343' title='bbox 629 5295 831 5396; x_wconf 85' lang='lat' dir='ltr'>collopsam</span> <span class='ocrx_word' id='word_1_344' title='bbox 863 5295 903 5368; x_wconf 95' lang='lat' dir='ltr'>in</span> <span class='ocrx_word' id='word_1_345' title='bbox 937 5320 981 5370; x_wconf 91' lang='lat' dir='ltr'>eo</span> <span class='ocrx_word' id='word_1_346' title='bbox 1019 5294 1204 5388; x_wconf 81' lang='lat' dir='ltr'>haeroticis</span> <span class='ocrx_word' id='word_1_347' title='bbox 1252 5289 1501 5366; x_wconf 81' lang='lat' dir='ltr'>convontibus</span> <span class='ocrx_word' id='word_1_348' title='bbox 1541 5289 1670 5364; x_wconf 67' lang='lat' dir='ltr'>inierat</span> 
     </span>
     <span class='ocr_line' id='line_1_44' title="bbox 332 5392 1669 5490; baseline -0.004 -22"><span class='ocrx_word' id='word_1_349' title='bbox 332 5393 474 5469; x_wconf 88' lang='lat' dir='ltr'>Ordine</span> <span class='ocrx_word' id='word_1_350' title='bbox 490 5395 582 5470; x_wconf 89' lang='lat' dir='ltr'>disci</span> <span class='ocrx_word' id='word_1_351' title='bbox 611 5395 742 5488; x_wconf 88' lang='lat' dir='ltr'>linam,</span> <span class='ocrx_word' id='word_1_352' title='bbox 762 5395 827 5470; x_wconf 90' lang='lat' dir='ltr'>sed</span> <span class='ocrx_word' id='word_1_353' title='bbox 849 5397 926 5468; x_wconf 87' lang='lat' dir='ltr'>suis</span> <span class='ocrx_word' id='word_1_354' title='bbox 942 5397 981 5467; x_wconf 94' lang='lat' dir='ltr'>in</span> <span class='ocrx_word' id='word_1_355' title='bbox 1020 5393 1219 5490; x_wconf 86' lang='lat' dir='ltr'>pollotum.</span> <span class='ocrx_word' id='word_1_356' title='bbox 1249 5394 1325 5466; x_wconf 87' lang='lat' dir='ltr'>Nec</span> <span class='ocrx_word' id='word_1_357' title='bbox 1350 5392 1477 5463; x_wconf 90' lang='lat' dir='ltr'>minus</span> <span class='ocrx_word' id='word_1_358' title='bbox 1493 5414 1532 5464; x_wconf 86' lang='lat' dir='ltr'>se</span> <span class='ocrx_word' id='word_1_359' title='bbox 1554 5393 1669 5490; x_wconf 77' lang='lat' dir='ltr'>gessit</span> 
     </span>
     <span class='ocr_line' id='line_1_45' title="bbox 332 5421 1669 5590; baseline 0 -26"><span class='ocrx_word' id='word_1_360' title='bbox 332 5495 505 5568; x_wconf 84' lang='lat' dir='ltr'>lotorum</span> <span class='ocrx_word' id='word_1_361' title='bbox 547 5421 741 5568; x_wconf 65' lang='lat' dir='ltr'>laooribus</span> <span class='ocrx_word' id='word_1_362' title='bbox 778 5495 982 5570; x_wconf 81' lang='lat' dir='ltr'>restituon-</span> <span class='ocrx_word' id='word_1_363' title='bbox 1021 5492 1194 5584; x_wconf 81' lang='lat' dir='ltr'>fideliter,</span> <span class='ocrx_word' id='word_1_364' title='bbox 1211 5517 1297 5566; x_wconf 88' lang='lat' dir='ltr'>cum</span> <span class='ocrx_word' id='word_1_365' title='bbox 1314 5489 1363 5564; x_wconf 87' lang='lat' dir='ltr'>ab</span> <span class='ocrx_word' id='word_1_366' title='bbox 1375 5490 1560 5590; x_wconf 87' lang='lat' dir='ltr'>Episcopo</span> <span class='ocrx_word' id='word_1_367' title='bbox 1577 5488 1669 5564; x_wconf 86' lang='lat' dir='ltr'>dioe·</span> 
     </span>
     <span class='ocr_line' id='line_1_46' title="bbox 332 5590 1669 5694; baseline -0.002 -29"><span class='ocrx_word' id='word_1_368' title='bbox 332 5592 431 5668; x_wconf 86' lang='lat' dir='ltr'>darn.</span> <span class='ocrx_word' id='word_1_369' title='bbox 451 5597 532 5670; x_wconf 86' lang='lat' dir='ltr'>Nec</span> <span class='ocrx_word' id='word_1_370' title='bbox 554 5594 660 5668; x_wconf 89' lang='lat' dir='ltr'>dictu</span> <span class='ocrx_word' id='word_1_371' title='bbox 682 5594 793 5668; x_wconf 81' lang='lat' dir='ltr'>focile</span> <span class='ocrx_word' id='word_1_372' title='bbox 819 5609 979 5694; x_wconf 80' lang='lat' dir='ltr'>quantus</span> <span class='ocrx_word' id='word_1_373' title='bbox 1019 5593 1132 5666; x_wconf 77' lang='lat' dir='ltr'>cosim</span> <span class='ocrx_word' id='word_1_374' title='bbox 1171 5590 1492 5692; x_wconf 83' lang='lat' dir='ltr'>perlustratdrus,</span> <span class='ocrx_word' id='word_1_375' title='bbox 1529 5602 1568 5661; x_wconf 90' lang='lat' dir='ltr'>ct</span> <span class='ocrx_word' id='word_1_376' title='bbox 1604 5590 1669 5662; x_wconf 91' lang='lat' dir='ltr'>in·</span> 
     </span>
     <span class='ocr_line' id='line_1_47' title="bbox 334 5661 1667 5794; baseline -0.004 -30"><span class='ocrx_word' id='word_1_377' title='bbox 334 5717 353 5764; x_wconf 84' lang='lat' dir='ltr'>a</span> <span class='ocrx_word' id='word_1_378' title='bbox 371 5693 475 5768; x_wconf 80' lang='lat' dir='ltr'>falsis</span> <span class='ocrx_word' id='word_1_379' title='bbox 502 5692 681 5770; x_wconf 81' lang='lat' dir='ltr'>irotribus</span> <span class='ocrx_word' id='word_1_380' title='bbox 706 5693 979 5794; x_wconf 76' lang='lat' dir='ltr'>persecutiones</span> <span class='ocrx_word' id='word_1_381' title='bbox 993 5661 1001 5787; x_wconf 79' lang='grc' dir='ltr'>Ι</span> <span class='ocrx_word' id='word_1_382' title='bbox 1016 5691 1125 5770; x_wconf 82' lang='lat' dir='ltr'>collis</span> <span class='ocrx_word' id='word_1_383' title='bbox 1141 5691 1371 5794; x_wconf 86' lang='lat' dir='ltr'>Vosagorum</span> <span class='ocrx_word' id='word_1_384' title='bbox 1392 5688 1577 5763; x_wconf 85' lang='lat' dir='ltr'>montium</span> <span class='ocrx_word' id='word_1_385' title='bbox 1596 5690 1667 5788; x_wconf 80' lang='lat' dir='ltr'>po·</span> 
     </span>
    </p>
   </div>
   <div class='ocr_carea' id='block_1_3' title="bbox 0 0 2668 7200">
    <p class='ocr_par' dir='ltr' id='par_1_3' title="bbox 0 0 2668 7200">
     <span class='ocr_line' id='line_1_48' title="bbox 0 0 2668 7200; baseline 0 5"><span class='ocrx_word' id='word_1_386' title='bbox 0 0 2668 7200; x_wconf 95' lang='lat' dir='ltr'> </span> 
     </span>
    </p>
   </div>
  </div>
 </body>
</html>
