5325 7200
763 1259 875 1322 Patritil,
890 1259 975 1324 Episc.
991 1263 1019 1309 et
1030 1254 1104 1306 conl.

764 1329 849 1391 Pauli,
859 1331 948 1393 lpost.
965 1329 1001 1391 (io
1017 1321 1291 1384 Commemoratione).

765 1427 793 1438 —
809 1397 1027 1463 (conversionis).

765 1471 848 1528 Ptoli,
860 1471 937 1535 primi
950 1470 1081 1521 Eremitae.

765 1541 874 1603 Paulini,
887 1542 974 1605 Episc.
988 1548 1015 1592 et
1030 1540 1105 1591 conl.

764 1613 908 1676 Perpetuae,
919 1618 946 1662 et
962 1612 1115 1671 Felicitatis,
1130 1609 1204 1661 llart.

765 1684 846 1744 Petri,
856 1687 958 1746 locst..
973 1683 1005 1732 ad
1023 1682 1141 1732 vinculo.

765 1755 844 1816 Petri,
854 1754 945 1819 Apost.
958 1753 1098 1818 (cathedra
1111 1749 1272 1810 Antiochiae).

763 1852 795 1864 -
959 1832 967 1880 l
1017 1851 1049 1862 -
1095 1823 1203 1887 Romae).

763 1898 834 1950 Petri
846 1905 873 1950 et
887 1898 970 1958 Pauli,
983 1899 1073 1961 Anost.
1089 1897 1125 1958 lin
1138 1895 1253 1958 vigilia).

765 1970 836 2021 Petri
848 1976 876 2020 et
885 1970 968 2029 Pauli,
982 1971 1071 2033 Apost.

765 2040 836 2091 Petri
845 2047 873 2090 et
882 2039 966 2100 Pauli,
978 2045 1066 2102 inest.
1080 2037 1156 2103 (inira
1168 2037 1312 2100 Octavam).

765 2138 797 2148 -
859 2110 1086 2170 (iouieoctata).

765 2207 797 2218 -
860 2181 1005 2242 (Dedicatio
1022 2177 1211 2242 Basilicarum).

766 2251 934 2312 Petri,ilart.

766 2321 836 2372 Petri
851 2321 1028 2384 Alexandrini,
1041 2322 1127 2385 linisc.
1143 2326 1171 2370 et
1183 2319 1257 2369 llart.

765 2391 836 2442 Petri
851 2392 1013 2456 chrysologi,
1023 2393 1120 2457 Epioe,
1129 2391 1203 2441 soni.
1216 2399 1243 2442 ct
1256 2390 1330 2441 lloct.

767 2463 836 2514 Petri
851 2463 993 2523 celestini,
1007 2464 1083 2526 Pane
1097 2468 1124 2513 et
1134 2461 1207 2512 conl.

766 2531 836 2583 Petri
848 2533 976 2592 llamiani,
987 2535 1083 2597 Eniso,
1098 2533 1171 2585 Conl.
1188 2537 1216 2584 et
1228 2532 1301 2583 lloot.

766 2603 835 2653 Petri
848 2605 881 2655 de
895 2606 1041 2666 Alcantara,
1053 2603 1129 2656 cont.

766 2675 837 2728 Petri
853 2677 886 2726 tle
904 2677 1023 2739 llolasco,
1040 2675 1114 2727 Coul.

662 2768 665 2789 ι
766 2747 923 2808 Petronillae,
940 2748 1011 2812 Virg.

766 2817 878 2883 Philippi
892 2826 919 2870 et
932 2820 1032 2879 lauohl,
1047 2819 1137 2882 Aposl.

766 2888 879 2952 Philippi
895 2889 995 2946 uenisti,
1013 2887 1088 2939 Conl.

767 2959 879 3024 Philippi
895 2961 974 3020 lleril,
989 2959 1064 3011 Conl.

663 3068 665 3085 ,
767 3027 936 3090 Philumene,
949 3030 1019 3091 virg.
1031 3036 1059 3080 et
1073 3026 1147 3080 llart.

767 3099 1052 3163 Whfflmmfflm

663 3162 666 3239 ζ
768 3169 1074 3231 ΝἏΗωωψη

663 3242 666 3261 ·
767 3238 865 3289 Placidi
881 3245 909 3288 et
924 3240 1067 3298 Sociorum
1085 3239 1159 3289 llart.

664 3314 666 3351 :
767 3306 912 3372 Polycarni,
926 3311 1012 3374 Episc.
1023 3316 1050 3359 ct
1064 3309 1137 3361 llart.

768 3379 897 3440 Pontiani,
912 3381 984 3443 Papae
1000 3387 1028 3431 et
1041 3380 1115 3430 llart.

664 3438 667 3471 ²
767 3450 923 3502 Pontificum
935 3450 1163 3515 (Commemoratiu
1175 3447 1290 3502 omniunt

798 3519 845 3570 SS.
860 3520 980 3582 Summ.)

664 3598 666 3622 ¹
768 3590 902 3654 Praxedls,
915 3591 983 3656 virg.

664 3695 666 3708 ι
767 3662 847 3715 Primi
857 3671 884 3715 et
898 3664 1030 3726 Feliciani,
1042 3662 1117 3714 hart.

768 3734 872 3795 susce,
889 3734 960 3799 virg.
977 3743 1003 3785 ct
1019 3734 1091 3784 llari.

768 3804 885 3855 Processi
901 3812 928 3856 et
937 3804 1092 3864 llortiniani,
1103 3802 1177 3855 llari.

767 3875 840 3926 Proti
851 3884 879 3925 et
894 3876 1038 3939 Hyacinthi,
1055 3875 1132 3927 llari.

767 3946 946 4005 Pudentianae,
960 3945 1031 4011 virg.

818 4054 959 4103 arnissis,
974 4043 1103 4107 Archanss.

833 4113 988 4178 llaymuudl,
1002 4113 1086 4177 Episc.
1101 4119 1129 4164 el
1138 4112 1212 4165 conl.

769 4183 912 4248 liaymundi
926 4186 960 4237 de
972 4185 1121 4249 Peonslort,
1140 4185 1214 4237 conl.

768 4253 913 4319 lisymundl
927 4257 1048 4318 Nonnati,

769 4324 890 4391 liemigli,
904 4328 988 4392 Epiro.
1003 4334 1030 4379 ct
1042 4327 1117 4379 coni

768 4394 859 4456 llochl,
874 4398 948 4449 Conl.

768 4465 887 4527 llomanl,
901 4468 975 4520 llari.

769 4536 917 4593 Romualdl,
932 4539 1050 4591 Ahhatis.

770 4605 844 4657 ltose
860 4606 913 4659 as.
928 4608 1017 4664 llaria,
1031 4607 1102 4672 virg.
1119 4607 1241 4659 leauae.

808 4714 896 4765 isse,
911 4703 1031 4755 hhhatls.

824 4773 936 4836 Sabinae,
948 4774 1022 4825 llart.

768 4841 921 4895 Sanctorum
938 4845 974 4909 (ln
989 4844 1081 4910 vigilia
1095 4844 1233 4909 omnium).

768 4912 920 4965 Sanctorum
938 4916 1087 4980 (Osculum).

769 5009 798 5020 -
817 4986 852 5048 (in
866 4986 982 5049 Octava).

768 5055 910 5119 Saturnini,
922 5058 1008 5121 spise.
1020 5058 1131 5110 etstan.

769 5127 911 5191 Saturnini,
927 5130 999 5180 llart.

1331 1141 1429 1186 trihus
1450 1137 1629 1184 umentis.

1538 1249 1711 1308 scholastico,
1728 1249 1799 1314 virg.

1537 1323 1633 1386 Sergii,
1647 1322 1750 1386 Bacchi,
1766 1321 1879 1374 haroelli
1892 1329 1920 1374 et
1930 1324 2044 1389 spolet),

1568 1395 1643 1443 llart.

1536 1464 1648 1524 silverii,
1663 1463 1740 1527 Panse
1753 1470 1780 1514 et
1795 1464 1868 1515 llart.

1536 1534 1664 1594 silvestri,
1676 1534 1752 1596 Pane
1766 1541 1793 1585 et
1807 1535 1881 1586 conl.

1536 1605 1675 1663 Simeonis,
1688 1606 1773 1669 Enisc.
1788 1614 1816 1658 et
1826 1607 1900 1658 llart.

1536 1677 1649 1728 Simonis
1660 1683 1687 1726 et
1701 1677 1784 1738 lsdae,
1798 1679 1887 1740 hnost.
1898 1677 1936 1743 (ln
1946 1677 2059 1744 Vigllla).

1537 1749 1649 1799 Simonis
1664 1755 1691 1800 et
1704 1749 1787 1805 ludin,
1800 1751 1889 1812 apost.

1537 1819 1673 1882 Simplicii,
1686 1820 1761 1884 Panae
1775 1827 1801 1871 et
1815 1821 1889 1872 Conl.

1537 1889 1633 1942 Soteris
1644 1897 1670 1941 et
1680 1891 1745 1950 Caii,
1754 1892 1830 1944 Pont.
1842 1899 1868 1942 el
1883 1891 1956 1944 llart.

1538 1957 1668 2018 Stanislai,
1686 1959 1771 2023 Episo.
1788 1967 1815 2010 ct
1828 1961 1901 2012 llari.

1537 2029 1656 2080 stanislai
1673 2031 1782 2089 llostlae,
1800 2032 1872 2082 Conl.

1538 2101 1671 2164 Stephani,
1688 2101 1823 2164 ilungariae
1837 2103 1924 2168 Regis,
1936 2102 2013 2156 Gunl.

1538 2169 1671 2234 Stephani,
1685 2170 1759 2232 Paoae
1773 2178 1801 2221 et
1813 2172 1886 2224 llari.

1539 2239 1673 2302 Stephani,
1689 2239 1846 2292 Protomart.

1538 2309 1672 2374 Stephani,
1688 2312 1842 2364 protomart.
1857 2313 1895 2378 (iu
1906 2314 1948 2366 dis
1959 2314 2076 2376 Octava).

1539 2409 1567 2418 -
1586 2383 1621 2444 (in
1635 2381 1807 2446 inventione).

1539 2451 1728 2516 symphorosae,
1745 2460 1880 2519 etseptem
1895 2455 2100 2522 liliorum,llari.

1539 2564 1743 2672 Tstnsnnoni,
1759 2553 1835 2636 l’anae
1847 2561 1875 2606 et
1886 2555 1961 2608 llart.

1599 2623 1718 2684 Terestae,
1736 2623 1807 2688 virg.

1428 2705 1442 2722 ··
1539 2695 1651 2753 Theclae,
1664 2695 1735 2758 virg.
1747 2701 1774 2746 et
1788 2696 1861 2746 llari.

1539 2768 1678 2828 Theodori,
1695 2768 1769 2818 llart.

1539 2837 1655 2899 Thomae,
1671 2839 1759 2900 Apost.

1539 2909 1654 2969 Thomas,
1665 2908 1751 2972 spise.
1765 2913 1789 2958 et
1801 2907 1874 2958 llart.

1432 3034 1440 3050 Ι
1539 2978 1644 3030 Thomu
1655 2979 1688 3029 rie
1702 2979 1813 3042 Aquino,
1828 2977 1902 3030 conl.
1916 2986 1944 3029 et
1953 2977 2026 3030 noct.

1539 3047 2061 3112 Tliomaedevillanot·a,Episc.ctConl.
2135 3107 2139 3114 .
2209 3053 2218 3072 ·

1539 3120 1649 3170 Tiburtii
1666 3125 1693 3169 et
1704 3119 1839 3178 Susannae,
1853 3119 1925 3169 llari.

1540 3190 1660 3250 Tiburtil,
1675 3190 1802 3240 valeriani
1819 3196 1846 3239 et
1862 3187 1975 3252 llaximl,
1989 3187 2064 3240 llari.

1421 3307 1427 3322 ,
1540 3261 1679 3324 T.mothei,
1693 3263 1778 3323 liniso.
1796 3268 1821 3312 el
1836 3263 1909 3312 llart.

1541 3333 1680 3394 Timothei,
1696 3333 1824 3396 llipnolytl
1838 3339 1865 3382 et
1881 3331 2072 3396 symphoriani,

1541 3403 1601 3463 Titi,
1616 3404 1699 3466 Episc.
1713 3412 1739 3454 et
1754 3403 1827 3454 Cool.

1431 3521 1440 3540 ,
1541 3475 1693 3539 Tryphonis,
1708 3475 1818 3539 llesploil
1830 3481 1857 3526 et
1872 3473 2003 3540 Nymphas,
2017 3473 2092 3526 llart.

1396 4042 1444 4307 ἓξὲξ-’ἓξ
1397 3875 1445 3996 ἔξ
1396 3660 1444 3781 ἓξ

1396 4328 1427 4377 Ξῖ

1428 4328 1444 4378 Φ

1395 4398 1465 5183 Ξξέξξξέἒὲεξ

1543 3594 1681 3705 Uritur,
1695 3583 1781 3665 liniue.
1794 3589 1821 3635 st
1830 3581 1904 3635 Conl.

1607 3652 1703 3703 Urhant
1721 3652 1740 3712 l,
1752 3652 1827 3715 Papae
1841 3660 1867 3702 et
1882 3652 1955 3702 llart.

1543 3724 1641 3775 Ursulae
1654 3730 1681 3773 et
1693 3722 1834 3784 sociarum,
1848 3724 1918 3786 virg.
1934 3728 1962 3774 et
1972 3724 2045 3776 hart.

1590 3842 1726 3885 annuunt.
1741 3828 1859 3893 Presltyt.
1874 3836 1901 3880 et
1914 3828 1987 3881 llart.

1596 3902 1708 3962 Valerii,
1722 3900 1808 3965 Enlso.
1824 3908 1852 3953 et
1866 3900 1939 3953 Gonl.

1542 3969 1671 4030 venantii,
1692 3970 1765 4019 liant.

1542 4040 1667 4091 vincentii
1683 4053 1696 4089 s
1708 4040 1799 4101 Paulo,
1809 4040 1883 4091 Conl.

1541 4110 1668 4161 Vincentii
1685 4110 1806 4167 Ferrerli.
1816 4110 1890 4161 conl.

1542 4182 1669 4231 vincentii
1679 4188 1706 4233 et
1719 4182 1858 4242 Anastasii,
1870 4182 1944 4235 hart.

1542 4252 1641 4313 vitalis,
1653 4252 1725 4303 llart.

1542 4323 1632 4373 vitalis
1644 4330 1672 4374 et
1683 4324 1817 4387 Agricola,
1834 4324 1907 4377 llari.

1542 4394 1671 4455 vitaliani,
1684 4394 1760 4459 Papae
1774 4402 1801 4445 et
1810 4394 1884 4445 Conl.
1996 4436 2001 4443 .

1541 4462 1602 4525 Viti,
1617 4464 1735 4526 llodesti,
1748 4472 1827 4529 atque
1839 4466 2002 4528 crescentia,
2013 4466 2089 4517 hlart.

1542 4534 1684 4596 Volusiani,
1695 4534 1780 4599 Episct
1798 4543 1825 4585 et
1837 4536 1909 4586 llart.

1543 4604 1696 4665 wenceslai,
1713 4606 1790 4656 lincis
1800 4611 1827 4656 et
1841 4606 1915 4657 llart.

1542 4708 1828 4832 Xtffil‘elicissimi
1841 4716 1868 4762 et
1879 4710 1991 4775 lgapltl,
2003 4710 2098 4775 ilarty-

1543 4894 1681 5003 Ysanru,
1695 4885 1803 4937 lhhatls
1815 4892 1842 4937 et
1855 4886 1929 4937 conl.

1582 5072 1719 5121 sensnum,
1736 5062 1811 5127 Papae
1824 5068 1850 5113 et
1866 5062 1941 5113 Gonl.

1598 5134 1745 5199 zephyrini,
1758 5134 1833 5199 Papae
1843 5141 1870 5185 et
1887 5135 1960 5188 llart.
