5325 7200
361 572 496 765 ιζ’
611 664 636 711 2>
774 661 776 664 ·
1112 732 1117 744 .

650 920 1037 1097 lllSSAE
1175 932 1725 1108 PROPRIAE

326 1332 418 1572 S.
472 1338 861 1583 Pll'llll
918 1345 1651 1673 uoluntarii
1703 1358 1894 1605 PP.
1938 1340 2056 1601 ll

357 1779 815 1863 ‹zuaoltooailouis
877 1788 1244 1914 llouaollonoll
1297 1794 1729 1879 Gonnus'rloonoiu
1787 1802 1999 1883 Oltlultls

807 1940 847 2016 S.
897 1941 1170 2025 ouuiaulo'll
1213 1944 1551 2026 FUNDATORIS.

487 2272 557 2340 ΑΙ)
574 2263 696 2344 USUM
712 2266 910 2353 BJUSDEM
939 2270 1369 2355 CONGREGATIONISA
1389 2288 1422 2355 S.
1446 2288 1487 2357 ll.
1510 2286 1882 2357 CONGREGATIONE

797 2418 1078 2491 APPROBATAE
1098 2423 1174 2491 DIE
1194 2426 1237 2493 29
1252 2414 1464 2495 inauruli
1481 2428 1575 2495 l'liii.

971 2720 1398 2748 ·--—--..............-'.l-

526 2952 587 3003 uui
615 2954 670 3005 xv.
703 2942 900 3009 iaaaumnn.
1244 2930 1382 3011 Lectio
1396 2930 1583 3033 Epistola
1599 2929 1708 3009 Beati
1722 2926 1833 3008 Pauli
1845 2926 2022 3030 apostoli

382 3024 433 3109 ΙΝ
461 3028 633 3114 FESTO
658 3030 1066 3120 anausnn‘rlonls
1174 2946 1179 3154 ι
1319 3039 1370 3116 ad
1385 3038 1778 3121 Corinthioslilor.
1801 3046 1857 3119 lli.
1878 3048 1936 3118 55.

388 3164 417 3217 s.
434 3166 545 3221 renni
565 3166 767 3223 comesnnn
779 3166 875 3222 alre
893 3168 936 3223 ar
951 3170 1052 3227 nour.
1285 3169 1443 3223 ananus:
1465 3145 1594 3225 Nolite
1613 3144 1760 3225 seduci.
1773 3142 2048 3245 Corrumpunt

473 3250 682 3333 lutroitus.
716 3250 865 3332 Panlm.
896 3258 958 3333 55.
1164 3318 1168 3326 ,
1213 3174 1275 3344 F
1301 3276 1434 3333 mores
1452 3252 1792 3355 bonosoolloquia
1809 3272 1943 3352 prava.
1962 3249 2047 3328 Evi-

327 3383 644 3473 ,ππ
673 3360 869 3441 Dominus
892 3361 1028 3441 omnia
1045 3388 1136 3445 ossa
1219 3360 1337 3460 gilaie
1347 3362 1445 3463 justi
1468 3372 1507 3441 et
1529 3361 1651 3441 nolite
1664 3359 1846 3463 peceare:
1863 3354 2048 3460 ignaria·

326 3462 351 3572 ξιξ
381 3461 485 3576 snit
507 3467 669 3546 eorum:
684 3490 808 3547 unum
821 3492 869 3547 ex
879 3468 943 3547 his
955 3492 1036 3549 non
1044 3494 1137 3552 con·
1218 3468 1315 3546 tiam
1330 3470 1437 3548 enim
1455 3469 1528 3548 Dei
1544 3468 1706 3571 quidam
1724 3465 1886 3551 habent,
1908 3464 1959 3542 ad
1977 3486 2044 3543 re·

326 3573 363 3680 1312„
381 3567 479 3674 'issi-⁸}
505 3574 681 3654 teretur:
701 3576 871 3656 ridimet
887 3574 1042 3658 animas
1056 3602 1136 3658 ser·
1218 3576 1435 3660 senentiam
1455 3576 1568 3657 vohis
1586 3576 1742 3678 loquor.
1764 3572 1842 3656 Sed
1855 3570 2044 3676 diaetili·

323 3672 481 3745 ’ὲ
504 3682 647 3764 vorum
664 3683 842 3774 suorum,
858 3693 897 3762 et
914 3706 995 3764 uon
1011 3685 1134 3764 delln-
1219 3684 1308 3783 quis
1334 3711 1342 3761 :
1379 3685 1582 3786 quomodo
1617 3683 1829 3784 resurgunt
1858 3680 2004 3760 mortui
2023 3681 2044 3756 l

318 3797 431 3882 quent
457 3813 605 3877 omnes
634 3791 704 3893 qni
726 3792 953 3896 sperantia
979 3795 1118 3875 eoills.
1217 3791 1383 3888 Qualive
1422 3794 1589 3895 corpore
1619 3790 1808 3870 venient?
1845 3788 2043 3889 iusipiens

315 3891 541 3978 lienedlcam
577 3897 795 3978 Dominum
819 3900 863 3977 in
897 3901 1007 3979 omni
1033 3904 1131 3982 tem·
1214 3908 1271 3987 tu,
1293 3899 1404 4000 quod
1424 3899 1611 3989 seminas,
1626 3895 1948 3986 nonviviiieitnr‚
1964 3895 2041 3972 nisi

319 4021 423 4095 pore:
442 4029 604 4109 semper
620 4005 708 4088 laus
722 4011 808 4108 eius
821 4007 862 4086 in
882 4031 952 4088 ore
971 4014 1118 4110 meno.
1212 4006 1326 4107 prius
1341 4007 1547 4089 moriatur.
1569 4008 1618 4086 Et
1632 4009 1740 4109 quod
1754 4005 1940 4094 seminas,
1959 4025 2040 4082 nou

319 4103 438 4190 Gloria
463 4114 590 4193 Patri.
1212 4135 1372 4216 corpus,
1404 4115 1514 4216 quad
1543 4114 1719 4194 futurum
1745 4121 1819 4209 est,
1849 4109 2037 4199 seminas,

633 4224 782 4301 Oratio.
1211 4221 1282 4299 sed
1309 4222 1462 4301 nudum
1489 4243 1669 4324 granum,
1705 4227 1751 4298 ut
1775 4226 1872 4322 puta
1899 4215 2033 4303 tritici,

315 4339 453 4512 Deus,
463 4328 627 4409 luorum
642 4329 767 4430 gloria
781 4338 820 4409 et
832 4330 955 4410 tutela
966 4330 1126 4411 Sancto
1210 4341 1278 4407 aut
1303 4329 1472 4431 alicujus
1500 4329 1748 4408 caeterorum.
1777 4326 1885 4405 Deus
1903 4332 2034 4404 autem

393 4457 494 4532 rum,
522 4436 593 4537 qui
630 4436 740 4516 uelo
781 4438 887 4516 Petri
923 4439 1123 4518 Coelestini
1208 4434 1277 4515 dat
1293 4437 1511 4539 illicorpus
1526 4435 1743 4528 sicntvult;
1761 4443 1800 4512 et
1820 4431 2035 4533 unicuique

319 4531 616 4622 Translationem
650 4544 845 4623 mirandis
874 4545 1000 4646 signis
1030 4570 1122 4649 pro·
1207 4543 1409 4622 seminum
1427 4545 1638 4646 preprium
1662 4563 1822 4645 corpus.
1842 4539 2035 4618 Nonam·

319 4637 410 4736 hire,
440 4661 480 4731 et
511 4651 711 4731 illustrare
734 4653 917 4733 voluisti:
948 4655 1122 4734 concode
1208 4650 1270 4727 nis
1287 4673 1380 4730 aare
1398 4650 1662 4731 eademnam:
1691 4647 1853 4728 sedilia
1872 4642 2033 4749 quidem

319 4749 415 4831 nabis
435 4757 597 4837 iimnlis
621 4759 714 4850 tuis,
741 4769 786 4839 ut
811 4759 880 4861 qui
906 4768 988 4840 tam
1011 4763 1121 4842 chari
1162 4754 1165 4845 l
1207 4757 1429 4848 hominum,
1451 4759 1528 4837 ilia
1543 4781 1636 4837 vero
1652 4757 1857 4861 pecorum,
1877 4753 1955 4832 ilia
1969 4751 2035 4830 vo·

317 4855 472 4957 pignoris
491 4866 742 4967 possessione
763 4868 994 4969 gaudemus,
1013 4870 1121 4950 illins
1159 4850 1164 5007 1
1206 4863 1377 4955 lucrum,
1411 4865 1488 4944 alia
1518 4873 1651 4944 autom
1670 4863 1852 4967 piscium.
1873 4861 1923 4940 Et
1940 4859 2031 4939 cir·

318 4965 405 5061 opud
445 4971 503 5053 Te
549 4975 771 5076 patrocinio
818 4978 1120 5058 resurrectionis
1159 5023 1163 5098 p
1204 4996 1305 5074 pora
1322 4973 1512 5070 eoelestia,
1540 4981 1580 5052 et
1605 4973 1775 5074 corpora
1788 4967 2026 5049 terrestria:

317 5067 461 5166 gloriam
510 5083 817 5183 consequemur.
869 5086 946 5164 Per
982 5085 1119 5165 Domi·
1157 5114 1162 5284 Ι
1203 5080 1277 5158 sed
1293 5080 1371 5160 alia
1383 5081 1545 5183 quidem
1560 5080 1780 5161 coelistium
1796 5077 1935 5181 gloria,
1953 5074 2030 5153 iilia

319 5197 408 5260 uun.
1204 5196 1338 5267 autem
1356 5188 1617 5269 terrestrium.
1633 5187 1720 5266 alia
1735 5185 1894 5265 claritas
1908 5181 2025 5270 Solis,

348 5285 385 5406 ln
412 5291 544 5371 Missis
573 5293 735 5394 priuatis
766 5316 837 5394 pro
867 5314 1107 5375 commemo·
1156 5287 1160 5381 l
1204 5293 1281 5372 alia
1316 5295 1474 5376 claritas
1509 5297 1656 5386 Lunae,
1691 5303 1731 5376 et
1759 5293 1838 5372 alia
1868 5291 2029 5370 claritas

318 5398 443 5506 satione
474 5399 546 5480 SS.
592 5399 707 5480 Mart.
750 5402 927 5483 Faustini
973 5409 1011 5481 et
1046 5403 1109 5481 ln·
1156 5414 1159 5517 ξ
1204 5400 1432 5482 Stellirum.
1453 5404 1576 5484 Stella
1591 5405 1698 5484 enim
1716 5427 1739 5482 a
1757 5399 1878 5482 Stella
1896 5397 2028 5477 differt

313 5507 390 5581 tate.
1155 5548 1159 5585 s
1204 5509 1245 5585 in
1276 5509 1479 5590 claritite':
1511 5511 1577 5591 Sia
1594 5522 1631 5592 et
1651 5507 1889 5591 resurriatio
1914 5527 2026 5584 mor·

620 5619 769 5699 Oratio.
1154 5588 1158 5762 J
1201 5616 1376 5696 tuorum.
1422 5618 1648 5698 Seminitur
1682 5611 2021 5734 incorruptione,

376 5740 444 5813 uns,
462 5723 755 5826 quinosannna
768 5726 1003 5808 Sanctorum
1016 5729 1117 5808 llin-
1154 5782 1157 5831 ς
1201 5733 1336 5826 surget
1350 5724 1391 5802 in
1410 5725 1721 5827 incorruptione.
1742 5721 1969 5803 Semiuitnr
1982 5739 2023 5795 ιιι

391 5835 517 5928 tyrum
531 5832 690 5911 tuorum
709 5834 900 5922 Faustini,
922 5844 962 5914 et
977 5836 1116 5916 Jovitae
1154 5890 1157 5951 t
1201 5831 1460 5932 ignobilitite,
1483 5842 1616 5935 surget
1631 5833 1674 5910 in
1691 5830 1829 5933 gloria.

321 5925 541 6044 talennitite
558 5939 762 6021 laetificas:
790 5942 1116 6046 concodepropl·
1154 6040 1156 6051 1
1246 5945 1455 6025 Graalunln.
1475 5944 1535 6024 l‘s.
1558 5947 1640 6022 llil.
1657 5943 1693 6044 i.
1711 5947 1743 6020 7.
1763 5935 2026 6018 introibimus

322 6037 391 6128 11111,
429 6054 472 6125 ut
505 6068 677 6148 quornm
703 6049 922 6152 gaudemus
946 6051 1112 6139 meritis,
1154 6061 1157 6101 ³
1201 6047 1243 6124 in
1263 6047 1562 6128 tabernaculum
1582 6049 1689 6149 ejus:
1710 6042 1967 6126 adorabimus
1984 6043 2025 6120 in

322 6153 557 6233 aaoendamur
571 6155 773 6259 exemplis.
794 6157 868 6237 Per
882 6157 1111 6238 Dominum.
1154 6124 1158 6254 l
1202 6155 1303 6249 loco,
1347 6156 1415 6236 ubi
1455 6155 1649 6236 steterunt
1680 6153 1802 6258 pedes
1834 6155 1934 6254 ejus.
1983 6187 2014 6235 ι.

358 6266 448 6332 uisse
466 6275 568 6333 naor.
591 6279 620 6331 s.
638 6279 743 6337 rsaur
757 6280 915 6336 consess.
1797 6257 1824 6358 .2¹.
