5325 7200
1008 812 1080 888 Dic
1106 837 1168 890 nt.
1201 793 1395 886 (ictoiuis.
2023 800 2065 872 25

412 957 576 1048 illalum,
608 958 780 1036 aiieiuia.
812 959 854 1046 p,
878 963 996 1060 upon,
1019 985 1079 1038 22.
1110 955 1177 1033 Vi·
1208 965 1212 985 '
1291 958 1546 1034 Communio.
1576 958 1738 1033 chirnr.
1768 979 1803 1051 p.
1833 945 1943 1044 Quid
1962 944 2068 1022 enim

362 1070 499 1147 dabunt
527 1065 664 1144 ficiem
688 1066 759 1142 Dei
776 1081 813 1142 et
831 1064 944 1165 Agni,
965 1079 1002 1140 et
1028 1085 1175 1141 nomen
1244 1066 1394 1141 bonum
1426 1060 1587 1138 Dumini
1609 1059 1681 1136 Dei
1701 1074 1775 1148 est,
1801 1072 1837 1137 et
1856 1055 2067 1156 pulchrum

362 1183 440 1278 eius
455 1175 490 1250 in
507 1173 703 1250 iruntibus
721 1179 877 1250 eurum.
898 1171 1086 1250 Alleluia.
1243 1175 1341 1272 ejus,
1372 1169 1446 1246 nisi
1474 1171 1718 1246 frumentum
1754 1167 1994 1251 eiecturum,
2033 1177 2070 1236 et

362 1280 630 1387 fflsequintia
656 1280 780 1357 sancti
809 1280 1012 1380 Evangelii
1039 1286 1176 1356 secun·
1241 1279 1381 1357 vinnm
1397 1275 1621 1376 germinans
1641 1274 1834 1372 virginesi

457 1389 548 1464 dum
567 1390 817 1464 Matthaeum.
845 1393 981 1466 ,tinuit
1007 1396 1062 1468 ·.·5.
1490 1385 1826 1470 postcommunio.

1311 1511 1452 1570 RAESTA
1468 1489 1603 1578 nobis,
1624 1511 1855 1589 quaesumus
1874 1484 2065 1576 Dumine‚

413 1601 507 1703 pulis
541 1599 624 1676 suis
662 1602 896 1701 pnrdboiam
940 1602 1075 1676 hanc:
1115 1601 1175 1676 Si·
1327 1599 1660 1678 intercedentibus
1679 1593 1823 1671 sanctis
1840 1590 2069 1691 Virginibus

366 1711 449 1788 mile
479 1707 547 1784 erit
590 1732 757 1808 regnum
804 1708 994 1784 coeldrum
1038 1706 1173 1783 decem
1241 1728 1278 1789 et
1298 1708 1540 1810 Martyribus
1567 1705 1671 1782 tuis:
1696 1719 1739 1779 ut
1757 1699 1867 1802 quod
1887 1725 1954 1776 ore
1974 1724 2068 1776 con·

364 1817 578 1917 virginibus,
595 1839 698 1916 quae,
721 1814 957 1917 accipientes·
972 1815 1175 1914 tampades
1242 1817 1455 1918 tingimus3
1478 1837 1579 1917 pura
1603 1825 1733 1886 mente
1751 1807 1969 1909 capiimus.
1993 1809 2069 1882 Per
2129 1905 2131 1909 v

366 1951 460 2015 suas,
478 1923 649 1999 exierunt
663 1921 824 1998 dbviam
845 1947 992 2022 sponso
1006 1938 1042 1999 et
1057 1947 1175 2021 spon·
1243 1925 1464 2002 Duminum
1494 1937 1676 1997 nostrum
1702 1919 1839 1994 Jesunt
1866 1911 2068 1991 Christum

367 2059 425 2110 sae.
444 2029 622 2130 Quinque
637 2046 770 2106 autem
785 2029 902 2105 exeis
916 2030 1172 2119 erantfutuae,
1243 2032 1389 2110 Filium
1435 2047 1565 2106 tuum.
1611 2021 1692 2120 Qui
1728 2037 1859 2099 tecum
1901 2019 1999 2098 vivit
2033 2035 2068 2098 et

365 2157 399 2216 et
421 2136 587 2240 quinque
615 2134 859 2237 prudentes:
895 2135 963 2212 sed
996 2135 1175 2236 quinque

368 1518 422 1685 [rt
451 1496 512 1571 iiio
542 1501 745 1594 timpore3
784 1493 889 1570 Dixit
915 1499 1032 1573 iesus
1060 1493 1175 1570 disci·
1206 1542 1211 1705 Ι

366 2249 481 2333 iituae,
500 2243 666 2344 acceptis
684 2242 952 2342 lampudibus‚
973 2267 1054 2318 non
1072 2267 1179 2320 sum·

366 2360 508 2453 pserunt
525 2353 659 2427 uicum
674 2373 808 2426 secum
829 2377 837 2425 :
854 2352 1069 2451 prudentes
1082 2375 1177 2428 varo

368 2465 584 2558 acceperunt
614 2459 748 2533 uicum
781 2455 822 2531 in
846 2456 954 2533 vasis
977 2457 1061 2533 suis
1083 2483 1176 2535 cum

367 2566 615 2666 lampadibus.
656 2569 815 2643 Moram
847 2580 980 2641 autem
1011 2565 1176 2642 faciente

368 2699 510 2774 sponso,
531 2673 852 2749 dormitavirunt
866 2697 1006 2749 omnes
1030 2688 1067 2749 et
1085 2675 1176 2749 dor·

368 2782 536 2860 mierunt.
567 2780 701 2858 Media
726 2797 859 2856 autem
883 2794 996 2856 nocte
1026 2780 1176 2856 clamor

366 2888 477 2966 iactus
493 2904 573 2964 est:
597 2891 699 2965 Ecce
726 2910 897 2986 sponsus
925 2885 1046 2977 venit,
1076 2892 1175 2963 exite
1247 2925 1250 2935 ·
1285 2889 1286 2894 ’
1325 2883 1332 2907 ’

364 2995 505 3071 ubviam
524 2995 572 3072 ei.
607 2999 726 3071 Tunc
754 2997 1006 3070 surrexerunt
1035 3018 1175 3069 omnes
1246 2995 1264 3026 ''
1332 3008 1349 3103 ζὶ

365 3101 516 3200 virgines
548 3103 650 3190 ittae,
686 3116 723 3177 et
752 3105 994 3176 ornaverunt
1024 3101 1173 3200 lumpa·
1242 3133 1277 3170 a·

364 3207 424 3282 des
452 3235 551 3285 suas.
588 3212 724 3285 Fatuae
753 3221 888 3283 autem
925 3205 1174 3306 sapientibus

365 3314 548 3392 dixerunt:
581 3319 682 3391 Date
711 3313 827 3389 nobis
848 3313 898 3389 de
921 3315 1009 3389 uleo
1027 3329 1171 3403 vestra,

366 3419 447 3518 quia
470 3421 671 3522 iumpades
698 3438 842 3498 nostrae
877 3419 1169 3523 extinguuntur.

368 3527 654 3627 Responderunt
699 3528 928 3629 prudentes,
967 3525 1170 3605 dicentes:

367 3634 421 3709 Ne
436 3636 525 3712 iorte
544 3661 623 3712 non
651 3635 823 3713 sufficiat
842 3634 957 3712 nobis
972 3651 1010 3712 et
1028 3635 1169 3726 vobis,

368 3738 412 3816 ite
426 3742 548 3840 potius
569 3743 620 3819 ad
646 3742 885 3831 vendentes,
908 3757 945 3817 et
966 3742 1083 3818 emite
1105 3768 1174 3819 vo-

368 3846 431 3923 bis.
461 3852 562 3927 Dum
593 3868 727 3927 autem
755 3850 856 3926 irent
889 3855 1034 3937 timere,
1067 3848 1175 3926 venit

367 3978 540 4051 sponsus:
570 3974 608 4033 et
632 3982 721 4058 quae
738 3964 885 4056 parutae
904 3971 1034 4044 erant,
1055 3956 1174 4032 intra·

365 4066 489 4139 verunt
512 4090 603 4141 cum
627 4090 675 4140 eo
698 4065 748 4139 ad
780 4064 957 4164 nuptias,
984 4079 1021 4138 et
1039 4065 1175 4141 clausa

366 4172 550 4268 estjinua.
585 4170 815 4248 Novissime
835 4194 929 4246 vero
953 4167 1118 4245 veniunt
1138 4186 1176 4248 et

366 4273 505 4375 riiiquae
528 4276 715 4375 virgines,
747 4276 948 4353 dicintes:
986 4276 1172 4368 Dumine‚

368 4382 532 4472 uimine,
553 4384 663 4485 uperi
695 4383 826 4461 nobis.
855 4380 905 4461 At
931 4384 995 4459 iiie
1014 4389 1176 4483 respun-

367 4488 463 4576 dens.
494 4490 571 4567 ait:
599 4496 728 4567 Amen
758 4490 849 4568 dico
874 4489 1013 4580 vobis,
1043 4491 1176 4568 nescio

365 4598 599 4697 vos.Vigiltite
615 4603 761 4699 itaque,
772 4599 867 4698 quia
882 4597 1039 4674 nescitis
1052 4597 1173 4689 diem,

367 4726 476 4804 neque
494 4710 647 4783 horam.

404 4821 658 4899 ittotai-inm.
708 4828 828 4922 Apoc
893 4842 949 4922 14.
995 4822 1177 4921 Virgines

366 4946 468 5022 sunt;
497 4938 717 5032 sequuntur
736 4936 897 5029 -Aguum
923 4937 1178 5031 quocumque

368 5039 467 5117 ierit:
500 5042 584 5118 sine
618 5046 776 5119 mucula
812 5043 918 5118 enim
956 5055 1047 5117 sunt
1089 5059 1178 5119 ante

365 5144 534 5226 thronum
552 5148 640 5225 Dei.

666 5262 835 5336 Secreta.

436 5382 502 5440 Gur
534 5364 779 5441 immaculati
819 5364 1060 5443 sacrificium
1093 5391 1176 5443 ma·

455 5472 578 5573 jestdti
613 5489 692 5549 tuae
722 5474 956 5569 offerentes,
998 5489 1066 5564 te,
1096 5476 1177 5550 Do-

365 5570 472 5666 mine,
496 5579 696 5680 supplices
712 5586 946 5657 exoramus:
968 5596 1012 5657 ut
1035 5580 1086 5658 ad
1100 5605 1177 5658 coe·

362 5674 466 5759 iistes
482 5689 567 5785 ejus
584 5685 744 5785 nuptias
767 5710 860 5763 cum
884 5686 1030 5764 sanctis
1056 5686 1179 5786 Virgi-

361 5784 467 5866 nibus
486 5790 660 5870 Eusubia
688 5808 725 5869 et
748 5792 944 5871 Sociaibus
961 5797 1059 5896 ejus,
1089 5817 1178 5894 quae

361 5914 493 6007 §ponso
531 5899 763 5999 sanguinem
796 5924 915 5977 suum
955 5901 1174 5990 fuderunt,

362 6010 492 6119 intrare
514 6010 753 6084 mereimur.
784 6009 861 6083 Per
882 6008 1070 6085 eumdem
1096 6011 1177 6085 Do-

357 6127 513 6187 minum.

1241 2153 1387 2239 regnat.
1403 2235 1408 2248 .

1577 2373 1643 2427 tur,
1670 2373 1734 2428 xi.

1346 2460 1402 2536 ΙΝ
1432 2458 1464 2533 F
1470 2457 1609 2533 ESTO
1631 2456 1673 2531 S.
1704 2455 1965 2545 CANNATI,

1365 2581 1552 2642 EPISCOPI
1574 2582 1626 2639 ET
1645 2581 1938 2641 CONFESSORIS.

1432 2677 1627 2754 introitus.
1657 2678 1801 2750 i‘sninr.
1828 2676 1887 2749 SS.

1243 2810 1416 2911 'ni-*rum
1431 2795 1589 2860 curus
1607 2803 1661 2866 m,
1684 2777 1875 2868 Dumine,
1898 2779 1938 2855 in
1956 2778 2073 2856 visiu-

1451 2917 1499 2966 nc
1535 2887 1678 2964 sanctis
1703 2888 1794 2977 tuis,
1831 2905 1868 2964 et
1907 2888 2068 2965 dixisti:

1406 3070 1409 3077 ,
1444 2996 1564 3074 Pusui
1583 2993 1821 3096 adjutorium
1842 2995 1882 3072 in
1900 2989 2068 3097 potuum,

1440 3123 1476 3184 et
1505 3101 1671 3182 exaltuvi
1695 3107 1860 3182 eluctum
1884 3106 1932 3182 de
1958 3106 2070 3205 plebe

1241 3243 1343 3294 mea.
1380 3221 1426 3292 i's
1477 3215 1533 3292 iti.
1577 3211 1876 3290 uiisericurdias
1907 3211 2070 3290 Dumini

1243 3325 1283 3400 in
1316 3328 1506 3402 aeturnum
1541 3321 1736 3396 cantubo:
1782 3319 1820 3396 in
1856 3318 2071 3419 generatiu·

1241 3456 1330 3508 nem
1350 3448 1386 3508 et
1405 3427 1709 3528 generatiunem.
1735 3428 1777 3512 i.
1791 3427 1927 3505 Giuria
1946 3427 2066 3504 Patri.

1590 3539 1737 3613 (it‘uiitt.

1237 3661 1323 3832 O
1340 3662 1582 3722 ΜΝιΡοτΕΝΒ
1601 3642 1834 3743 sempittirne
1856 3647 1980 3733 Deus,
2000 3642 2070 3744 qui

1362 3770 1542 3831 sanctum
1584 3754 1810 3829 Canndtum
1859 3750 1908 3827 de
1951 3751 2070 3853 stirpe

1243 3859 1346 3958 rugia
1376 3860 1666 3961 prodeuntem,
1703 3858 1894 3937 divinitus
1929 3858 2071 3937 Massi·

1242 3968 1377 4045 liensis
1410 3967 1606 4057 Ecclesiae,
1628 3966 1725 4043 dum
1749 3967 1790 4043 in
1818 3968 1972 4045 desdrto
1992 3992 2072 4067 poe·

1241 4076 1447 4153 nitentium
1477 4082 1619 4175 igeret,
1645 4076 1875 4151 Pontificem
1899 4098 1983 4151 esse
2000 4100 2070 4153 vo·

1242 4184 1374 4261 luisti:
1410 4188 1493 4285 eius
1529 4181 1679 4258 muritis
1716 4202 1752 4259 et
1776 4182 2066 4273 intercessiune‚

1242 4291 1358 4369 nobis
1392 4289 1605 4369 concedere
1639 4289 1809 4389 digneris
1848 4289 2066 4366 coeldstium

1240 4399 1438 4475 donurum
1458 4396 1641 4474 umnium
1670 4397 1960 4475 inlcimdntum.
1995 4399 2070 4473 Per

1244 4506 1483 4583 Duminum.

1240 4612 1381 4691 tinctio
1411 4615 1596 4713 Epistoiae
1626 4613 1727 4691 beuti
1757 4611 1871 4689 Pauli
1891 4613 2068 4712 Apustoli

1413 4721 1464 4797 ad
1487 4722 1694 4799 Hebraeos.
1712 4722 1834 4799 Heiu.
1853 4724 1886 4800 5.

1302 4846 1491 4907 narnus:
1527 4826 1671 4905 Omnis
1708 4824 1886 4903 Puntiiex
1916 4852 1962 4903 ex
2003 4828 2070 4905 ho·

1329 4934 1505 5011 minibus
1522 4941 1774 5033 assumptus,
1800 4958 1873 5033 pro
1898 4936 2068 5012 homini·

1242 5045 1317 5121 bus
1346 5042 1597 5121 constituitur
1623 5042 1663 5118 in
1696 5041 1745 5117 iis
1775 5066 1864 5143 quae
1896 5058 1985 5120 sunt
2017 5044 2068 5121 ad

1241 5152 1399 5238 Deum,
1433 5164 1476 5226 ut
1500 5150 1636 5251 ufferat
1655 5149 1790 5238 dona,
1821 5166 1857 5227 et
1877 5149 2069 5229 sacrificia

1239 5284 1312 5359 pro
1347 5256 1546 5358 peccutis:
1587 5258 1657 5360 qui
1698 5258 1908 5335 condolore
1946 5260 2069 5359 possit

1239 5364 1288 5441 iis
1305 5364 1374 5466 qui
1394 5363 1602 5465 ignorant,
1622 5382 1658 5443 et
1681 5382 1811 5442 errant
1832 5395 1841 5441 ε
1875 5365 2068 5465 quuniam

1238 5489 1276 5549 et
1304 5472 1389 5573 ipse
1420 5470 1691 5550 circumdatus
1724 5488 1782 5549 est
1807 5470 2067 5553 infirmitute:

1239 5595 1277 5657 et
1309 5585 1517 5680 propterea
1553 5579 1681 5669 debet,
1724 5579 2068 5680 quemudmodum

1239 5712 1313 5789 pro
1331 5688 1495 5788 pupulo
1517 5687 1570 5763 ita
1584 5686 1702 5763 ctiam
1718 5702 1754 5763 et
1768 5710 1840 5785 pro
1858 5693 2069 5790 semetipso

1239 5794 1379 5871 offerre
1409 5818 1482 5894 pro
1515 5792 1698 5893 peccutis.
1736 5794 1823 5869 Nec
1854 5794 2069 5895 quisquam

1241 5902 1363 5979 sumit
1382 5900 1456 5979 sibi
1483 5902 1703 5990 honurem,
1730 5899 1798 5977 sed
1818 5901 1887 6001 qui
1907 5910 2070 5981 vocutur

1240 6036 1265 6087 a
1284 6012 1382 6099 Deo,
1413 6024 1605 6109 tanquam
1623 6012 1771 6085 Aaron.
1803 6006 1868 6085 Sic
1890 6024 1927 6085 et
1955 6010 2069 6087 Chri-

1122 6227 1127 6238 ·
1241 6134 1325 6197 stus
1357 6142 1437 6197 non
1469 6119 1725 6216 ¹semetipsum
1761 6112 1990 6195 clarificavit
2026 6134 2069 6195 ut
