5325 7200
917 809 986 888 tlte
1008 811 1060 912 iij.
1083 811 1131 910 xij
1173 807 1311 912 :aprilis
1334 816 1369 886 ei
1389 807 1475 885 xxiv
1513 807 1616 909 ltaji.

386 954 615 1061 aequantia
636 957 760 1035 sancti
788 957 988 1063 Evangalii
1007 961 1224 1044 secandum

622 1063 922 1144 lielthmum.a.
957 1071 1012 1140 ln.

388 1173 1222 1350 luillotampere:DixitJesusdiseipulis

388 1341 396 1348 -
471 1285 555 1365 suis
587 1283 824 1387 parabolam
845 1287 949 1368 hanc
976 1313 984 1366 :
1012 1287 1150 1369 Simile
1167 1295 1227 1367 est

386 1390 763 1496 regnumeoelarum
778 1393 964 1474 thesauro
987 1394 1225 1476 ahseanditn

385 1501 435 1580 in
476 1523 601 1602 agro,
629 1523 749 1604 quem
781 1505 850 1604 qui
904 1503 1056 1584 inuenit
1085 1504 1224 1599 home,

383 1609 626 1704 abscindit,
652 1617 693 1689 et
720 1633 803 1710 pree
821 1610 967 1714 gaudio
987 1612 1096 1692 illius
1114 1611 1224 1691 vadit

382 1725 433 1796 et
457 1715 594 1796 rendit
608 1715 794 1796 univarsa
808 1741 897 1819 quae
917 1718 1053 1816 habet,
1071 1725 1110 1798 et
1127 1720 1224 1800 emit

383 1845 531 1927 agrum
563 1822 688 1902 illum.
722 1823 894 1921 lterum,
921 1825 1052 1906 simile
1078 1835 1139 1906 est
1163 1849 1223 1906 re-

383 1953 513 2034 gnum
558 1930 752 2010 eoelarum
794 1931 950 2012 hamini
986 1933 1221 2036 negotiatari

383 2038 586 2140 quaranti
618 2039 745 2118 bonas
770 2041 1031 2142 margaritas:
1063 2041 1223 2122 inventa

384 2169 471 2226 una
487 2145 661 2248 pretiasa
676 2145 913 2246 margarita,
932 2148 1055 2247 abiit,
1074 2157 1114 2230 et
1129 2149 1222 2230 van·

383 2253 496 2334 didit
516 2255 650 2336 amnia
668 2278 758 2357 quae
776 2255 936 2354 habuit,
955 2263 995 2336 et
1006 2257 1103 2336 emit
1121 2279 1220 2336 eam.

385 2361 562 2460 lterum,
581 2363 711 2442 simile
742 2371 802 2442 est
835 2385 999 2466 regnum
1027 2363 1220 2446 noelarum

382 2469 547 2572 sagana
573 2470 706 2549 missae
733 2469 773 2548 in
810 2491 945 2568 mare,
964 2479 1004 2551 et
1033 2495 1080 2552 ex
1111 2473 1219 2552 omni

383 2579 534 2681 gauere
562 2577 733 2680 piscium
762 2577 1035 2680 congreganti3
1070 2602 1219 2682 quam,

382 2707 483 2764 eum
510 2683 674 2787 impiata
691 2693 812 2782 esset,
830 2685 1069 2782 educantes,
1096 2695 1136 2768 et
1161 2709 1222 2768 se·

382 2813 462 2870 eus
476 2791 587 2872 littus
605 2790 800 2889 sedantes,
815 2792 1017 2896 elegarunt
1031 2794 1161 2875 bonos
1179 2796 1219 2874 in

381 2921 494 2994 vasa,
510 2899 636 2978 malos
655 2907 787 2979 autem
802 2899 909 2980 toras
928 2901 1221 2982 miserantum

380 3005 510 3085 eritin
525 3006 1030 3088 eonsummatlaneseeculi.
1048 3009 1221 3090 Exibunt

379 3113 536 3216 angeli,
555 3122 594 3194 et
616 3114 856 3217 separabunt
874 3115 1000 3196 malos
1018 3115 1068 3196 de
1085 3116 1217 3196 madio

376 3221 604 3322 justarum,
622 3232 661 3302 et
680 3224 835 3304 mittent
852 3244 920 3303 eos
949 3223 991 3302 in
1017 3225 1218 3305 caminum

382 3327 505 3432 ignis
525 3330 580 3408 ibi
615 3329 689 3408 erit
723 3331 855 3425 iletus,
876 3337 915 3410 et
942 3329 1090 3411 stridor
1118 3332 1220 3412 dan-

384 3438 498 3516 tium.
519 3435 770 3518 intellexistis
790 3438 875 3518 hee
893 3439 1055 3520 amnia?
1074 3438 1219 3520 Dicunt

382 3543 420 3623 ei
442 3572 450 3622 :
472 3543 619 3625 Etiam.
640 3545 705 3625 ait
722 3545 801 3625 illis
820 3575 828 3625 :
849 3544 945 3625 ideo
966 3546 1097 3627 omnis
1122 3548 1220 3629 seri·

383 3654 438 3731 ba
466 3650 606 3733 doetus
637 3652 677 3731 in
705 3674 826 3755 regno
853 3652 1046 3733 coelarum
1074 3654 1217 3739 similis

381 3768 446 3837 nst
472 3760 622 3839 bamini
650 3760 942 3863 patrifamilias,
966 3760 1035 3862 qui
1066 3763 1217 3865 profert

381 3866 435 3945 de
460 3866 645 3947 thesauro
669 3890 741 3948 suo
761 3890 861 3949 nova
881 3877 920 3949 et
942 3868 1083 3951 valera.

318 4020 327 4037 ·
441 3973 709 4053 Oilertorium.
743 3974 803 4051 i¹s.
837 3979 917 4057 till.
944 3976 1121 4057 i‘aratum
1146 4002 1216 4061 eur

382 4104 545 4179 meum,
573 4081 700 4179 Deus,
727 4084 909 4184 paratum
941 4106 1012 4165 eor
1043 4109 1176 4168 meum
1204 4118 1213 4168 ε

383 4188 558 4269 cantabo
577 4196 616 4269 et
629 4190 799 4290 psallam
818 4192 857 4269 in
876 4191 1001 4293 glaria
1015 4216 1113 4274 mea.

716 4296 885 4375 Secreta.

458 4426 490 4479 rs
508 4400 739 4499 sacrificiis,
759 4426 1012 4505 quesumus,
1032 4407 1214 4509 omnipo·

475 4516 562 4587 tens
595 4508 714 4606 Deus,
749 4510 986 4612 propitiatus
1018 4513 1211 4595 intande:

380 4624 421 4694 et
445 4614 560 4695 beata
584 4614 795 4695 catharina
823 4616 1110 4716 intercedante,
1126 4618 1213 4721 Spl-

380 4724 502 4803 ritum
528 4722 568 4801 in
599 4722 714 4801 nobis
732 4731 811 4803 tuae
828 4722 1052 4805 dileetianis
1074 4727 1210 4805 aecan-

381 4830 443 4911 de.
471 4831 546 4911 Per
578 4832 839 4912 Daminum...
864 4832 905 4909 in
937 4832 1212 4937 unitateeju'rs·

381 4938 484 5019 dem.

435 5048 685 5127 Communia.
716 5048 774 5123 l‘s.
805 5050 864 5127 85.
894 5048 970 5127 tlnr
995 5068 1150 5145 meum,
1171 5056 1210 5129 et

381 5176 474 5235 caro
508 5176 596 5237 mea
627 5154 972 5236 exultaverunt-in
1005 5155 1130 5235 Deum
1156 5157 1210 5235 vi·

382 5284 484 5341 vum.
629 5342 635 5357 ,
856 5288 859 5295 ’

631 5372 966 5453 Postemumunin.

406 5497 597 5561 nurrurcas
639 5486 677 5559 te
715 5478 920 5583 rogamus,
955 5476 1207 5580 omnipotens

453 5586 575 5681 Deus,
594 5594 635 5665 ut
655 5608 756 5689 ques
782 5586 861 5667 tuis
887 5586 1049 5667 reticere
1074 5584 1210 5689 digna·

384 5700 447 5771 tus
464 5716 506 5772 es
525 5693 802 5791 sacramentis,
821 5692 1088 5775 intercedante
1118 5692 1209 5773 bea-

382 5806 422 5875 ta
453 5798 682 5897 catharina,
703 5800 854 5881 tribuas
885 5822 957 5903 pro
989 5802 1046 5881 tui
1072 5800 1209 5883 amare

382 5904 1209 6011 terranadespicere,etcoeiastiumsemper

382 6012 686 6115 participalitas
734 6012 917 6118 gaudare.
965 6016 1038 6097 Per
1075 6016 1209 6099 Dami-

383 6142 491 6201 num.

1574 983 1632 1034 tul·-
1653 984 1702 1034 ill.
1725 985 1872 1038 nt‘lttlls,

1441 1067 1484 1146 B.
1512 1066 1904 1152 BaltTllOLOltAEl
1934 1073 2002 1152 llll

1482 1190 1705 1266 anselarus,
1722 1193 1831 1250 errse.
1845 1196 1960 1252 vicar.

1313 1379 1340 1453 p
1360 1271 1492 1368 llissa,
1511 1275 1762 1376 Sacerdates,
1780 1282 1828 1358 lle
1848 1281 2001 1366 Cnmul.
2021 1291 2133 1367 tluut'.

1343 1388 1435 1458 ont·
2192 1388 2197 1396 ⁴

1647 1491 1797 1572 Oratis.

1370 1623 1451 1696 ans,
1472 1601 1541 1703 qui
1572 1601 1614 1680 in
1641 1602 1738 1684 fidei
1765 1603 1953 1688 lrastibus
1988 1608 2039 1687 ab
2068 1633 2135 1690 er·

1386 1708 1525 1788 rarum
1554 1709 1986 1795 tanebrisadveritatis
2001 1717 2131 1797 lucem

1304 1813 1569 1911 adducandis,
1593 1825 1632 1898 et
1657 1819 1698 1898 in
1725 1819 1887 1923 papulis
1913 1823 1965 1900 ad
1990 1845 2130 1926 pacem

1304 1933 1344 2002 et
1389 1923 1647 2006 concardiam
1692 1929 1927 2010 reuocandis
1968 1930 2128 2013 beatum

1305 2031 1653 2130 Bartholomoeum,
1665 2033 1941 2118 Confessarem
1953 2046 2065 2119 tuum
2075 2050 2132 2120 at·

1303 2161 1382 2240 que
1406 2139 1660 2238 Pontificem,
1678 2141 1906 2224 mirabilem
1926 2144 2091 2226 effecisti
2116 2175 2128 2227 ε

1303 2249 1388 2348 ejus
1399 2247 1682 2327 intercessiane
1695 2248 1946 2344 concedent
1959 2275 2035 2356 pax
2050 2263 2130 2352 tua,

1302 2377 1394 2458 quae
1406 2354 1616 2457 exsuperat
1629 2377 1789 2436 omnem
1803 2381 1981 2457 sensum,
2000 2362 2131 2442 easta

1302 2463 1386 2544 diat
1401 2462 1524 2542 eorda
1547 2472 1683 2542 nestra
1698 2473 1736 2544 et
1757 2465 2035 2573 intelligantias
2052 2491 2129 2550 no-

1302 2581 1405 2652 stras
1423 2573 1463 2650 in
1483 2572 1642 2653 Christo
1664 2572 1759 2654 lesu
1776 2575 1951 2656 Damino
1977 2585 2126 2658 nostro.

1303 2679 1384 2780 Qui
1404 2690 1539 2762 tecum
1555 2681 1665 2762 uiuit.

1560 2913 1618 2966 llll]
1642 2912 1710 2966 xit.
1732 2915 1880 2968 al'lttltls.

1352 3000 1392 3081 S.
1408 2998 1653 3096 ZENONlS,
1668 2998 1825 3080 uulso.
1844 3000 1906 3078 ΕΤ
1919 2999 2080 3080 Maur.

1354 3107 1497 3200 atissa,
1533 3105 1696 3205 Statuit,
1730 3107 1779 3184 (le
1819 3109 1974 3186 Cemru.
2015 3113 2131 3191 unius

1305 3213 1420 3290 lliart..
1441 3213 1579 3315 Temp.
1597 3235 1689 3296 reru
1714 3215 1851 3294 l’nsell.
1876 3217 1993 3296 llissa
2010 3281 2018 3315 ,
2038 3221 2126 3296 Pro·

1300 3323 1445 3404 texisti.

1647 3428 1796 3508 Oratio,

1365 3561 1445 3635 ana,
1466 3537 1533 3641 qui
1568 3535 1728 3617 beatum
1747 3535 1967 3636 Zenanem,
1986 3536 2130 3643 llarty·

1406 3668 1490 3727 rem
1532 3653 1646 3725 tuum
1687 3654 1807 3749 atque
1851 3647 2127 3743 Pontificem,

1299 3754 1517 3837 Cathalinae
1531 3752 1643 3833 Fidei
1661 3752 1966 3857 propagatarem
1980 3755 2128 3858 eligere

1300 3864 1486 3969 dignatus
1514 3885 1585 3943 es:
1613 3872 1777 3965 presta,
1810 3884 2058 3966 quaesumus3
2083 3872 2128 3943 ut

1298 3972 1387 4075 ipso
1404 3994 1480 4074 pre
1504 3970 1622 4051 nobis
1647 3970 1957 4069 interveniante,
1982 3992 2125 4075 pecea-

1296 4083 1428 4163 tarum
1454 4078 1685 4159 nostrarum
1713 4078 1880 4159 maculis
1914 4078 2127 4176 exuamur,

1298 4195 1338 4265 et
1351 4188 1437 4284 tibi,
1451 4186 1634 4282 Damine,
1650 4184 1817 4264 sinnaris
1830 4183 2031 4264 mantibus
2044 4185 2127 4286 pla·

1294 4292 1385 4373 aare
1411 4292 1648 4371 mereamur.
1667 4291 1742 4370 Per
1758 4290 1994 4371 Daminum.

1623 4398 1796 4482 Secreta.
1841 4440 1846 4451 ·

1300 4524 1466 4692 Ultra
1515 4528 1746 4609 quesumus
1781 4504 1981 4601 Damine,
2015 4507 2124 4589 dena

1372 4615 1580 4695 sanctifica
1597 4624 1637 4693 et
1653 4613 1778 4695 cerda
1790 4622 1928 4696 nostra
1944 4613 2015 4694 illo
2033 4616 2123 4719 igne

1294 4732 1373 4805 tue
1390 4722 1594 4803 eharitatis
1612 4721 1817 4801 inflamma
1842 4744 1962 4824 quem
1990 4726 2030 4801 in
2050 4722 2123 4826 pa·

1296 4832 1390 4933 pulo
1411 4853 1486 4911 suo
1503 4838 1663 4910 sanetus
1680 4838 1772 4911 tuus
1796 4830 1945 4931 ltiartyr
1962 4839 2001 4910 et
2022 4831 2124 4912 Pan·

1293 4942 1388 5021 tifex
1403 4941 1509 5020 Zeno
1527 4939 1678 5019 euraut
1704 4937 1933 5019 amandare.
1954 4939 2029 5020 Per
2042 4940 2123 5023 Da

1293 5048 1459 5127 minum.

1545 5156 1881 5237 postcommunio.

1341 5290 1444 5348 leurs
1471 5264 1705 5347 manaribus
1733 5268 1912 5361 recreati,
1932 5276 1987 5363 te,
2014 5265 2122 5363 Diae,

1381 5374 1582 5479 sappiiees
1613 5372 1877 5476 deprecamur
1902 5405 1911 5453 :
1937 5384 1981 5453 ut
2013 5371 2120 5453 beati

1291 5482 1740 5583 Zenanis,llartyristui
1767 5480 2120 5585 atquel'ontiiieis,

1292 5590 1542 5674 nortamantn
1555 5586 1758 5687 sectando,
1773 5589 1826 5669 ad
1839 5592 1958 5671 vitam
1978 5610 2122 5690 perre-

1291 5701 1378 5781 nire
1403 5696 1629 5779 mereamur
1644 5696 1845 5778 aetarnam.
1870 5698 1946 5777 Per
1967 5696 2116 5776 Dirum.

1666 5848 1801 5861 .—

1553 5932 1613 5987 utu
1639 5932 1740 5985 XXll'o
1768 5933 1859 5987 ltili.

1315 6015 1360 6095 B.
1380 6014 1431 6095 lt.
1451 6014 1493 6094 V.
1511 6012 1769 6097 auxilius.
1788 6014 2093 6099 cflulsrtau.

1346 6124 1465 6201 Missa
1484 6132 1521 6201 ut
1548 6124 1584 6200 in
1606 6122 1835 6224 appendice
1858 6124 2040 6202 liissnlis.
