5325 7200
990 793 1169 868 Praeiatio
1187 791 1236 865 de
1265 792 1450 865 Patrono.
2017 809 2058 885 33

350 951 495 1040 venisti,
520 957 692 1052 equue
721 952 931 1051 Unigeniro
949 969 1017 1030 tuo
1036 957 1158 1029 nutri-

351 1061 458 1148 tium,
476 1057 624 1157 Virgini
659 1058 777 1135 matri
794 1060 991 1149 solatium,
1016 1062 1163 1137 soldm·

349 1191 422 1267 que
439 1163 564 1264 magni
596 1164 753 1242 consilii
771 1166 1041 1267 coadjuterem
1069 1166 1164 1242 fide-

353 1273 537 1349 lissimum
567 1269 820 1349 constituisti.
856 1274 925 1349 ille
948 1273 1010 1350 vir
1037 1276 1164 1375 justus

1229 935 1389 1024 Sereni,
1432 937 1596 1012 Cannati
1630 955 1664 1010 et
1695 937 1916 1026 Manronri,
1952 956 1985 1011 et
2020 937 2057 1011 in

1238 1045 1352 1118 Festo
1402 1045 1582 1119 omniurn
1644 1047 1714 1124 SS.
1773 1045 2056 1146 Episcoporum

1233 1149 1553 1226 Massiliensium.
1730 1159 1734 1166 '

1280 1258 1381 1350 Vere
1399 1276 1562 1376 dignum
1582 1293 1618 1352 et
1636 1280 1784 1378 justum
1805 1293 1875 1366 est,
1896 1303 2056 1378 aequum

351 1398 460 1481 atque
487 1379 694 1480 perfectus,
729 1382 839 1456 solus
870 1381 1043 1482 mysterii
1076 1273 1197 1458 cen-i
1230 1394 1267 1456 et
1294 1383 1476 1472 salutem,
1498 1409 1568 1459 nos
1587 1382 1657 1459 tibi
1677 1407 1832 1482 semper
1853 1399 1889 1459 et
1907 1386 2057 1484 ubique

355 1487 451 1565 scius
477 1486 585 1587 quod
621 1511 740 1563 nemo
779 1488 1004 1588 principum
1049 1480 1198 1590 huJust
1230 1487 1373 1586 gretias
1403 1497 1529 1590 egere,
1560 1490 1731 1566 Demine
1766 1507 1911 1580 sancte,
1943 1495 2059 1568 Pater

355 1592 476 1670 secuti
493 1592 665 1691 regnent,
689 1593 836 1670 Filium
865 1610 978 1671 tuum
1005 1619 1084 1671 non
1106 1619 1168 1669 so·
1195 1587 1197 1645 i
1230 1599 1494 1694 omnipotens,
1517 1602 1658 1673 aeterne
1679 1599 1800 1674 Deus.
1835 1597 1914 1694 Qui
1944 1597 2059 1674 nobis

355 1704 431 1780 lum
447 1699 578 1777 videre
593 1716 631 1776 et
659 1700 812 1790 audire,
846 1702 915 1778 sed
942 1701 1059 1778 etiam
1078 1725 1168 1801 por·
1196 1728 1199 1843 p
1233 1703 1391 1778 beetum
1408 1707 1514 1782 N....
1531 1708 1847 1803 pesteremJuxte
1864 1721 2056 1782 cortuum

355 1813 455 1894 tere,
485 1806 741 1896 deosculari,
780 1809 935 1908 sibique
964 1809 1169 1885 sdbditum
1233 1808 1420 1886 suscitere
1450 1811 1633 1910 dignetus
1666 1835 1720 1898 es,
1752 1827 1795 1886 ut
1822 1813 1906 1912 ejus
1925 1813 2059 1888 labere

356 1916 489 1990 habere
524 1913 683 2003 meruit,
723 1915 945 1991 Deminum
990 1933 1168 1991 nostrum
1233 1931 1269 1991 et
1298 1916 1511 1992 suddribus
1542 1917 1709 1992 verbum
1742 1915 1848 2005 fidei,
1883 1917 1990 2016 quod
2019 1918 2059 1992 in

356 2023 481 2098 Jesum
501 2019 720 2098 Christum.
744 2024 820 2099 Per
842 2047 961 2122 quem
990 2026 1169 2123 maieste·
1234 2021 1349 2098 nobis
1367 2023 1575 2101 seminevit
1594 2038 1752 2098 sanctus
1774 2027 1976 2112 Lentus,
2006 2023 2062 2100 in·

357 2147 426 2206 tem
461 2145 568 2206 tuam
608 2131 772 2208 iaudent
806 2131 968 2231 Angeli‚
1004 2133 1170 2209 aderant
1233 2132 1928 2230 corrdptumserveres.Nuncerg0‚
1949 2133 2063 2206 Pater

358 2236 677 2328 nominationes,
720 2255 894 2315 tremunt
940 2243 1165 2317 Potestetes.
1236 2252 1394 2326 sancte,
1432 2238 1626 2314 confirma
1649 2239 1723 2314 hoc
1749 2235 1858 2338 quod
1876 2242 2060 2336 operetus

357 2341 447 2419 Coeli
475 2345 746 2445 coelorquue
778 2345 949 2423 Virtdtes
980 2371 1026 2424 ac
1057 2349 1170 2422 beeta
1235 2368 1277 2418 es
1297 2343 1337 2419 in
1356 2343 1484 2434 nobis,
1505 2361 1541 2420 et
1555 2369 1708 2444 gregem
1724 2359 1838 2420 tuum
1857 2368 1976 2442 quem
1998 2345 2062 2418 Fi·

358 2445 551 2550 Serephim
576 2449 691 2529 'secia
725 2453 961 2530 exultatidne
994 2455 1169 2531 concele·
1236 2451 1290 2526 lio
1307 2467 1376 2527 tuo
1403 2451 1557 2527 donesti
1576 2511 1584 2540 ‚
1606 2455 1795 2528 conserva
1814 2467 1889 2526 tuae
1907 2448 2063 2526 virtdtis

359 2557 473 2634 brant.
507 2559 610 2634 Cum
639 2559 786 2659 quibus
817 2575 854 2636 et
876 2577 1029 2636 nostras
1053 2585 1171 2637 voces
1237 2557 1394 2634 auxilio.
1424 2560 1476 2636 Ut
1496 2557 1784 2634 sanctificetum
1808 2555 1849 2632 in
1874 2557 2059 2646 vernem,

359 2679 397 2738 ut
423 2661 571 2740 admitti
603 2667 741 2764 jdbeas
773 2667 1047 2766 deprecemur,
1080 2674 1173 2767 sdp-
1238 2665 1451 2763 perfectum
1484 2663 1524 2740 in
1555 2661 2063 2754 unitete,constitr'1eredi-

361 2767 443 2867 plici
460 2771 704 2849 confessione
717 2772 905 2850 dicentes.
1238 2771 1366 2870 gneris
1397 2771 1437 2846 in
1456 2771 1591 2870 gldria.
1628 2775 1702 2848 Per
1732 2769 1918 2847 edmdem
1950 2769 2062 2846 Chri·

366 2915 1175 2935 ————-——--
1239 2894 1343 2953 stum
1370 2877 1590 2954 Deminum
1624 2893 1818 2954 nostrum.
1845 2879 1920 2952 Per
1942 2901 2062 2975 quem

408 2975 698 3060 PRAEFATIO
729 2979 802 3055 DE
831 2981 870 3054 S.
896 2981 1121 3085 LAZARO.
1240 2987 1482 3085 majestetem
1518 3000 1627 3061 tuem
1671 2989 1880 3060 trementes
1898 2982 2064 3059 aderant

413 3079 506 3170 Qu&
547 3075 693 3152 dicim?
734 3077 770 3150 1¹¹
810 3078 893 3173 Cius
927 3078 1062 3192 Fejb‘ssb,
1094 3097 1179 3192 per
1238 3091 1387 3188 Angeli‚
1405 3107 1441 3167 et
1458 3115 1597 3168 omnes
1613 3091 1830 3191 Spirituum
1846 3088 2062 3166 coelestium

366 3191 543 3257 <terarum
582 3181 868 3268 Solemnitatis,
901 3196 937 3257 ct
968 3205 1008 3256 m
1047 3181 1178 3255 Missis
1239 3197 1349 3274 chosi
1378 3199 1482 3275 56013
1513 3197 1748 3276 exultatione
1775 3197 2060 3275 concelebrant,

367 3289 493 3364 nutriris
508 3290 554 3364 dc
570 3315 629 3364 eo.
1239 3306 1343 3381 Cum
1362 3305 1509 3405 quibus
1539 3323 1576 3382 et
1601 3321 1754 3381 nostras
1779 3328 1896 3382 voces
1923 3318 1966 3380 ut
1995 3303 2065 3380 ad·

409 3399 497 3481 Vere
513 3403 679 3504 dignum
697 3421 734 3482 et
751 3409 898 3507 justum
922 3423 992 3499 est,
1012 3434 1171 3511 aequum
1239 3411 1339 3487 mitti
1383 3414 1519 3513 jdbeas
1561 3411 1850 3512 deprecemur,
1893 3409 2062 3510 snpplici

361 3525 391 3585 et
408 3513 584 3602 salutem,
607 3536 681 3587 nos
707 3512 780 3590 tibi
800 3539 956 3617 semper
972 3532 1009 3593 et
1023 3519 1172 3620 ubique
1238 3517 1484 3594 confessidne
1502 3517 1689 3596 dicentes.

360 3618 489 3715 gretias
514 3625 641 3718 egere,
678 3622 851 3701 Demine
882 3640 1026 3714 sancte,
1058 3628 1173 3703 Pater

361 3732 610 3827 omnipotens,
643 3735 784 3805 aeterne
815 3732 936 3806 Deus.
972 3732 1054 3829 Qui
1082 3734 1173 3811 bee-
1305 3730 1601 3807 PRAEFATIO
1623 3732 1697 3805 DE
1719 3730 1999 3808 PATRONO.

362 3848 435 3907 tum
465 3836 658 3911 Lazarum
684 3860 754 3934 per
783 3836 1039 3938 Unigenitum
1058 3853 1172 3917 tuum
1202 3799 1207 3952 Ι
1295 3825 1395 3915 Qum
1426 3817 1567 3894 dicitnr
1591 3820 1629 3893 in
1662 3816 1844 3892 Ecclesiis
1872 3816 2066 3914 propriis,

363 3940 583 4039 eseprilchri
602 3942 784 4019 iducibus
795 3944 985 4045 eripuisti,
1001 3953 1174 4048 equue
1203 3957 1206 4038 p
1246 3930 1285 4004 in
1298 3932 1422 4047 ‘Festo
1440 3950 1485 4043 nc
1505 3950 1572 4025 per
1592 3930 1784 4002 Octavam
1806 3926 2067 3999 Patronnrnm

364 4049 502 4123 mittere
517 4046 702 4146 dignetus
719 4074 774 4140 es,
791 4066 834 4126 ut
854 4076 925 4127 nos
942 4050 984 4127 in
1002 4054 1173 4129 tenebris
1247 4034 1536 4135 Pslssfflpsslfflffl·

363 4167 395 4225 et
410 4150 447 4227 in
464 4155 608 4230 umbra
634 4156 772 4231 mortis
791 4155 968 4235 sedentes
988 4158 1028 4236 in
1045 4159 1172 4236 admi·
1295 4142 1387 4235 Vere
1406 4158 1568 4257 dignum
1587 4172 1623 4233 et
1641 4160 1788 4257 iustum
1808 4170 1878 4245 est,
1904 4178 2064 4255 aequum

365 4260 474 4335 rebile
490 4262 626 4338 iumen
644 4278 757 4338 tuum
778 4264 969 4364 benignus
993 4273 1170 4345 voceres.
1239 4283 1277 4344 et
1296 4268 1485 4355 salutem,
1507 4290 1579 4341 nos
1598 4264 1669 4340 tibi
1687 4288 1842 4363 semper
1859 4278 1896 4338 et
1914 4265 2063 4360 ubique

367 4368 425 4443 lile
450 4370 554 4447 riam
586 4372 723 4448 saletis
750 4397 774 4450 a
806 4374 962 4452 Christo
994 4376 1170 4466 edemus,
1240 4373 1383 4474 gretias
1402 4378 1533 4472 egere,
1557 4368 1729 4447 Demine
1759 4386 1916 4461 sancte,
1951 4370 2066 4445 Pater

364 4498 500 4575 gregem
532 4503 650 4555 suum
684 4480 861 4557 doctrina
898 4482 1072 4559 veritetis
1106 4490 1174 4583 pe·
1242 4485 1505 4580 omnipotens,
1539 4484 1681 4555 aeterne
1714 4482 1834 4555 Deus.
1868 4475 1947 4573 Qui
1968 4474 2063 4550 dum

366 4607 458 4662 scere
475 4611 555 4663 non
572 4586 729 4677 destitit,
750 4604 787 4665 et
805 4607 947 4667 senctae
966 4616 1174 4668 conversa·
1243 4586 1486 4686 fragilitetem
1517 4606 1693 4661 nostram
1712 4584 1921 4661 miseratus
1947 4586 2065 4680 agne·

365 4689 697 4771 tidnisinformere
714 4698 907 4796 exemplo.
927 4699 995 4774 ilie
1012 4697 1174 4775 Demini
1244 4695 1332 4784 scis,
1364 4692 1607 4770 fideles'tuos
1636 4698 1861 4769 sancterum
1899 4693 2066 4789 patroci-

367 4797 418 4873 sui
433 4804 567 4877 amere
585 4801 779 4900 percitus,
812 4828 936 4903 quam
953 4804 1086 4881 denuo
1112 4829 1175 4882 ac·
1244 4802 1320 4878 niis
1355 4801 1533 4902 edjuves,
1571 4798 1748 4899 ipserum
1767 4796 1955 4896 exemplis
1972 4794 2066 4871 ndei

366 4908 506 5003 ceperat
523 4906 646 4983 vitam
664 4968 673 4995 ‚
694 4932 766 5007 pro
784 4909 959 5011 ejdsdem
980 4910 1176 4987 sanctissi-

368 5012 414 5086 mi
431 5014 602 5090 neminis
617 5016 739 5115 gldria
767 5017 834 5117 pio
861 5018 1038 5116 rependit
1055 5023 1175 5097 certe·

368 5118 473 5198 mine.
491 5122 579 5198 Nos
594 5122 722 5221 igitur,
735 5124 860 5201 effuso
873 5126 1040 5224 pesteris
1055 5126 1177 5202 nostri

368 5227 542 5325 senguine
560 5229 645 5305 laeta
662 5254 768 5329 seges
786 5236 933 5321 exerta,
954 5230 1078 5331 ipsius
1096 5257 1177 5309 me·

369 5333 523 5411 neriam
554 5337 819 5426 celebrantes,
851 5362 943 5415 cum
961 5339 1118 5437 Angelis
1140 5356 1177 5416 et

366 5441 633 5543 erchengelis‚
660 5468 752 5521 cum
784 5444 960 5523 Thronis
982 5463 1019 5523 et
1039 5447 1177 5524 Domi·

1245 4908 1364 4985 simul
1394 4906 1635 4983 adminIcula
1666 4907 1842 4981 tribuens
1876 4918 1912 4978 et
1943 4900 2067 4977 incre·

1246 5024 1376 5093 menta
1405 5012 1610 5090 virtdtum.
1649 5015 1704 5113 Ut
1737 5038 1838 5113 quos
1876 5012 2067 5087 Patrenos

1244 5130 1436 5201 vocemus
1471 5119 1511 5195 in
1547 5119 1684 5209 terris,
1727 5118 1887 5197 edsdem
1924 5116 2067 5190 habert-

1246 5259 1337 5310 mus
1371 5235 1517 5307 tutdres
1553 5229 1593 5305 in
1645 5230 1739 5321 vin,
1789 5230 1973 5305 ductdres
2016 5222 2067 5300 ad

1246 5364 1429 5439 regnum,
1467 5355 1503 5414 et
1539 5339 1747 5415 nobiscum
1783 5338 1824 5413 in
1855 5334 1975 5435 gieria
2003 5357 2067 5408 co-

1246 5446 1421 5524 haeredes
1467 5448 1560 5523 Jesu
1610 5445 1754 5521 Christi
1803 5440 1964 5519 Demini
1998 5462 2067 5513 no·

367 5548 593 5641 natienibus,
613 5576 786 5653 cumque
814 5555 925 5630 omni
943 5554 1083 5631 militia
1099 5579 1177 5632 coe·
1247 5553 1329 5630 stri.
1354 5554 1429 5627 Per
1445 5574 1564 5649 quem
1586 5555 1827 5651 majestatem
1848 5565 1956 5623 tuam
1985 5546 2067 5619 lau·

366 5652 691 5748 lestisexercitus‚
724 5661 918 5760 hymnum
952 5661 1178 5760 gieriaetuae
1247 5661 1343 5737 dant
1372 5656 1522 5755 Angeii,
1555 5656 1720 5733 aderant
1754 5650 2066 5737 Dominatidnes‚

366 5762 547 5854 eruimus,
570 5764 654 5840 sine
671 5766 749 5841 fine
766 5766 951 5843 dicentes.
1248 5780 1420 5843 tremunt
1441 5766 1666 5839 Potestetes.
1685 5762 1783 5840 Coeli
1799 5760 2069 5855 coelorquue

366 5905 1170 5925 ··-·-·--··-·----
1247 5873 1421 5951 Virtdtes
1474 5892 1519 5944 ec
1573 5870 1684 5945 beera
1724 5866 1932 5967 Seraphim
1966 5861 2072 5937 secia

373 5972 657 6057 PRAEFATiO
678 5980 752 6054 DE
778 5980 850 6056 SS.
878 5980 1180 6060 EPISCOPIS.
1250 5976 1784 6056 exultatieneconcelebrant.
1807 5978 1909 6052 Cum
1925 5968 2072 6071 quibus

422 6076 519 6169 Quae
535 6072 677 6151 dicitur
695 6074 733 6152 in
752 6075 783 6153 F
784 6091 867 6153 2810
885 6075 957 6152 SS·
972 6073 1186 6162 Theodori,
1251 6102 1288 6163 et
1306 6100 1458 6163 nostras
1475 6106 1589 6160 voces
1605 6099 1649 6160 ut
1666 6083 1820 6161 admitti
1838 6082 1975 6184 jr'rbeas
2005 6074 2074 6150 de·

412 6208 540 6266 nrssffi
561 6208 678 6269 error.
703 6211 867 6271 missin.
1901 6188 1920 6262 3
