5325 7200
544 778 590 849 ttt
1007 774 1075 847 ltu
1096 778 1195 869 xxvj.
1217 774 1392 850 ltrtttuttii
1423 782 1457 850 cl
1483 774 1534 875 iij.
1556 778 1602 855 it.
1625 776 1839 855 Februarii.

544 948 604 1017 tes
623 934 807 1015 admiroti
829 942 934 1012 sunt.
967 934 1016 1012 Et
1033 932 1131 1015 dixit
1149 943 1277 1013 mater
1292 937 1379 1037 ejus

482 1124 486 1130 .
548 1042 601 1124 ad
616 1042 758 1123 illum:
784 1040 870 1137 Fili,
891 1038 989 1145 quid
1017 1038 1143 1118 iecisti
1162 1039 1279 1120 nobis
1293 1038 1381 1119 sic?

549 1152 652 1229 Ecce
669 1157 783 1251 pater
800 1157 893 1226 tuus
923 1155 962 1225 et
979 1169 1051 1251 ego
1069 1144 1250 1226 dolentes
1273 1168 1379 1249 quae·

543 1255 736 1336 rebomus
752 1262 805 1333 te.
827 1254 876 1333 Et
901 1254 956 1333 uit
980 1254 1033 1331 ud
1058 1252 1148 1331 illos
1172 1253 1380 1357 :quidest

544 1362 653 1467 quod
667 1385 732 1441 me
745 1359 1012 1464 quaerebotis‘?
1025 1360 1268 1442 Nesciebotis
1285 1362 1379 1465 quia

544 1472 588 1549 in
623 1470 686 1548 his
720 1491 809 1570 qnae
843 1466 970 1546 Patris
998 1468 1078 1547 mei
1105 1477 1198 1548 sunt
1223 1468 1380 1574 oportet

545 1600 611 1656 me
648 1599 735 1656 esse
750 1576 771 1653 l
788 1577 838 1655 Et
870 1574 947 1677 ipsi
983 1598 1064 1655 non
1100 1575 1381 1657 intellexeruut

548 1684 715 1763 uerbum
749 1681 1035 1785 quodloctitus
1066 1692 1126 1763 est
1143 1684 1195 1762 ad
1213 1706 1295 1765 eos.
1313 1684 1381 1761 'Et

550 1789 757 1871 descendit
774 1811 866 1867 cnm
881 1788 952 1885 eis,
973 1798 1013 1869 et
1029 1792 1136 1871 venit
1153 1791 1346 1873 Nezareth
1368 1818 1376 1867 :

396 1889 400 1897 ’
549 1906 590 1977 et
619 1905 704 1976 erat
731 1894 916 1975 subditus
940 1894 1034 1977 illis.
1063 1899 1113 1979 Et
1136 1908 1265 1979 mater
1294 1900 1381 2001 ejus

552 2001 813 2084 conservirbnt
829 2001 964 2079 omnia
979 2004 1101 2082 verba
1111 2004 1195 2083 ltaec
1208 2005 1248 2081 in
1259 2003 1381 2083 corde

550 2134 638 2192 suo.
663 2112 711 2193 Et
728 2111 845 2189 lesus
863 2110 1096 2211 proficiebat
1113 2110 1320 2213 sapientia,
1342 2118 1380 2189 et

549 2215 679 2314 aetite,
699 2226 738 2295 et
759 2214 900 2317 grotta,
920 2214 1028 2317 apud
1046 2215 1175 2297 Deum
1192 2224 1233 2301 et
1250 2215 1379 2297 homi·

544 2345 631 2405 nes.
656 2322 797 2405 Credo.

600 2440 871 2517 tltl‘ertorinm.
899 2438 1040 2515 l'salm.
1071 2440 1106 2513 O.
1138 2438 1303 2533 sperent
1327 2430 1370 2507 in

545 2550 586 2618 te
610 2536 837 2640 omnesqui
865 2534 1060 2616 noverunt
1077 2558 1222 2616 nomen
1243 2546 1372 2635 tuum,

546 2644 719 2724 Domine
747 2672 759 2736 ;
791 2642 981 2747 quoniam
1014 2663 1095 2723 non
1128 2643 1375 2750 derelinquis

546 2750 772 2853 querentes
801 2762 841 2831 te
860 2778 869 2829 :
890 2748 1048 2853 psollite
1078 2748 1267 2853 Domino,
1304 2754 1374 2859 qui

544 2858 698 2937 hobitat
714 2858 756 2936 in
773 2856 885 2939 Sion.

877 2975 1046 3052 Secreta.

620 3094 759 3149 nntrun
784 3071 872 3167 tibi,
904 3071 1086 3169 Domine,
1118 3072 1374 3169 sacrificium,

551 3096 619 3279 0
637 3177 908 3257 intercedente
926 3178 1042 3259 hetta
1059 3201 1217 3282 semper
1226 3178 1376 3281 virgine

548 3286 622 3365 Dei
640 3286 829 3389 genitrice
847 3285 986 3385 Maria,
1000 3284 1167 3366 vivificet
1180 3309 1254 3367 nos
1274 3308 1377 3365 sem-

547 3416 622 3497 per
639 3403 679 3473 et
693 3392 860 3476 mimint.
884 3393 960 3475 Per
976 3392 1207 3473 Dominum.

614 3508 796 3587 Praelatio
816 3510 864 3587 de
885 3510 1107 3614 Epiphania
1129 3512 1303 3610 Domini.

602 3618 953 3698 Communiolnc.
975 3626 1010 3696 t.
1031 3609 1273 3698 tirubtntur
1290 3631 1376 3690 om-

549 3734 621 3794 nes
651 3712 702 3796 de
728 3715 791 3795 his
821 3737 911 3818 qum
937 3717 1206 3824 procedebant
1233 3717 1283 3796 de
1308 3741 1379 3796 ore

550 3821 637 3900 Dei.

799 3941 1133 4022 t‘ostcommunio.

624 4059 751 4116 rnrnns
767 4039 839 4137 tui,
860 4038 980 4136 Deus,
1002 4062 1075 4142 per
1101 4046 1168 4118 tua
1190 4039 1295 4117 dona
1313 4037 1378 4118 lir-

553 4071 615 4244 F
640 4143 823 4240 mentur;
846 4157 890 4227 nt
906 4147 1047 4228 eudem
1064 4155 1103 4226 et
1120 4145 1378 4250 perpriendo

553 4250 772 4351 requirnnt,
793 4263 832 4333 et
849 4254 1064 4356 quaerendo
1093 4255 1179 4333 sine
1197 4253 1275 4333 tine
1292 4276 1379 4356 per-

551 4355 712 4462 cipiant.
730 4359 806 4441 Per
825 4362 1054 4440 Dominum.

786 4503 844 4554 ltili
865 4503 958 4556 xxvt.
981 4504 1152 4558 ttxttntt.

602 4580 643 4660 S.
673 4579 1314 4686 Btrfllcnts,n1ttttcotttttt1

811 4711 962 4788 unsrun,
991 4714 1117 4770 vunan.

605 4802 735 4896 otissa,
759 4797 943 4900 Cognovi,
968 4812 1010 4881 ut
1025 4805 1064 4882 in
1082 4807 1293 4885 Communi
1310 4829 1382 4886 nec

557 4907 659 5006 l'irp.
689 4930 760 4984 ncc
787 4907 900 4986 Mart.

893 5016 1043 5094 Oratio.

628 5137 707 5210 nus,
727 5115 797 5216 qui
825 5115 983 5194 beotam
1013 5117 1236 5198 Bathildern
1254 5143 1279 5201 a
1300 5144 1380 5200 ser-

560 5149 771 5320 Dvitote
788 5223 839 5301 ad
864 5225 1007 5303 solium
1032 5223 1223 5308 ineffabili
1248 5229 1380 5330 provi·

556 5327 690 5407 dentis
709 5329 906 5410 extulisti:
928 5332 978 5410 da
1010 5331 1126 5411 nobis
1153 5337 1238 5435 ejus
1255 5334 1381 5415 inter·

554 5435 733 5516 cessione
744 5439 948 5518 transferri
968 5438 1016 5517 de
1032 5440 1216 5522 servitrite
1230 5441 1380 5544 peccoti

554 5545 596 5621 in
615 5566 780 5646 regnum
800 5546 1023 5628 dilectionis
1043 5546 1131 5627 Filii
1150 5548 1206 5627 tui
1219 5547 1380 5630 Domini

556 5653 681 5730 nostri
706 5653 802 5732 Jesu
823 5653 997 5735 Christi:
1019 5654 1099 5752 Qui
1132 5663 1263 5738 tecum
1289 5657 1382 5740 vivit

553 5767 592 5837 et
609 5768 760 5860 regnat.

888 5875 1056 5952 Secreta.

594 5997 759 6086 )rsucn,
801 5975 985 6071 Domine,
1021 5975 1218 6078 propitius
1261 5998 1382 6078 super

568 6001 621 6170 Ιὶ
640 6083 724 6161 ltac
743 6082 919 6176 mititem,
948 6106 1036 6183 qua
1063 6085 1101 6162 iu
1118 6092 1263 6162 sauctae
1281 6083 1381 6186 regl-

1466 954 1527 1011 nae
1560 932 1754 1014 Buthlldis
1793 930 2197 1027 commemoratione,
2227 954 2296 1032 pro

1467 1044 1616 1125 nostris
1633 1042 1920 1124 offensionibus
1933 1038 2210 1123 immolemus.
2227 1040 2297 1123 Per

1466 1148 1698 1231 Dominum.

1704 1270 2024 1347 l‘ostromnmnio

1465 1386 1617 1571 Deus,
1640 1362 1815 1442 fidelium
1842 1362 2123 1443 remunerator
2150 1362 2298 1443 animo-

1558 1494 1661 1571 rum,
1691 1480 1863 1574 praesta3
1885 1480 1928 1551 ut
1945 1468 2075 1551 bettae
2105 1470 2297 1553 Bathildis

1466 1580 1611 1683 regina
1641 1580 1844 1682 precibus,
1865 1580 1906 1656 in
1925 1580 2039 1677 cujus
2054 1600 2297 1659 commemo

1466 1688 1619 1767 ratione
1645 1696 1713 1767 tua
1741 1688 1848 1769 donn
1866 1686 2141 1791 percepimus,
2170 1684 2295 1764 indul·

1465 1796 1638 1895 gentiam
1667 1796 1960 1899 consequimur
1978 1802 2019 1877 et
2042 1814 2206 1899 pacem.
2226 1792 2295 1875 Per

1465 1903 1696 1982 Dominum.

1538 2110 1576 2211 F
1580 2110 1762 2216 ESTA
1817 2112 1856 2215 F
1860 2106 2223 2217 ussnUAItlt.

1701 2346 1829 2401 nrum.
1854 2345 2051 2400 nnnnrtnn.

1589 2421 1630 2500 S.
1651 2420 1914 2519 outtoms,
1935 2419 2174 2501 ABBATIS.

1513 2542 1642 2635 llissa,
1665 2540 1725 2617 OS
1740 2528 1850 2631 justi,
1866 2550 1906 2619 nt
1921 2540 1959 2617 in
1976 2538 2196 2619 Communi
2219 2537 2286 2613 ot»-

1465 2648 1614 2725 lmtum.
2081 2716 2088 2727 .

1614 2748 1618 2757 ’
1808 2754 1943 2833 tlrutio
2077 2768 2084 2775 '

1536 2874 1745 2946 uurrorrns,
1767 2850 2007 2953 sempiterne
2031 2850 2158 2947 Dens,
2179 2850 2291 2930 terre

1553 2980 1605 3035 na
1634 2980 1708 3059 pro
1727 2965 1764 3036 te
1779 2956 2019 3036 calcentium
2038 2978 2198 3036 merces
2215 2978 2289 3033 mn·

1465 3087 1542 3167 gua
1557 3063 1699 3143 nimis:
1720 3064 1771 3143 da
1790 3063 1906 3143 nohis
1924 3064 2109 3166 exemplo
2123 3072 2165 3145 et
2180 3064 2290 3143 inter·

1466 3170 1644 3249 cessione
1662 3170 1765 3249 beili
1786 3170 1968 3251 Odilonis
1985 3171 2171 3270 Abbltis,
2186 3172 2289 3271 cujus

1467 3278 1586 3357 hodie
1600 3276 1793 3357 solemnia
1810 3279 2072 3377 celebremus,
2094 3278 2288 3381 temporo-

1465 3384 1520 3463 lin
1539 3386 1673 3463 omnin
1692 3385 1909 3489 despicere,
1928 3398 1968 3467 et
1984 3386 2200 3467 adaeterna
2214 3392 2287 3465 tou

1466 3493 1610 3575 mentis
1644 3492 1865 3575 intentione
1891 3494 2092 3577 festinire.
2123 3496 2200 3575 Per
2216 3488 2287 3571 llo

1466 3623 1634 3680 minum.

1520 3727 1564 3804 Et
1584 3725 1627 3801 fit
1641 3743 1742 3800 com.
1766 3719 1922 3800 Octauo
1939 3719 2229 3802 Purificationis
2246 3717 2282 3794 tt.

1474 3835 1606 3912 lilarim
1623 3831 1728 3930 Virg.

1520 3943 1659 4020 Postea
1675 3958 1748 4037 pro
1764 3959 1864 4016 com.
1888 3933 1928 4014 S.
1951 3933 2083 4032 Blasii,
2104 3935 2231 4038 Episc.
2252 3945 2281 4008 ct

1472 4051 1583 4128 llart.
1618 4053 1829 4124 sunmntur
1856 4043 2067 4122 Orationes
2095 4065 2142 4122 en
2161 4041 2280 4122 Missa.

1472 4145 1704 4234 sacerdotes
1722 4146 1809 4242 Dei,
1843 4151 1891 4228 de
1927 4151 2141 4229 Communi
2179 4147 2283 4228 unius

1472 4267 1583 4342 llart.
1610 4263 1720 4340 Pont.

1697 4503 1755 4556 nm
1782 4502 1829 4554 rr.
1857 4499 2055 4554 tunm-mu.

1600 4575 1645 4654 B.
1673 4575 1888 4658 tonitam
1914 4575 2161 4676 latusim,

1617 4707 1824 4764 saturonuu
1842 4707 1995 4782 necrus,
2014 4707 2143 4764 vunnu.

1523 4805 1655 4898 ilissa,
1678 4790 1860 4894 Cognoui,
1885 4809 1925 4876 nt
1947 4799 1984 4875 in
2002 4797 2270 4878 Communium

1475 4916 1574 5010 l'irgr.
1600 4934 1669 4987 nec
1689 4909 1802 5006 Mart.

1810 5013 1959 5092 Oratio.

1544 5139 1619 5211 nus,
1641 5113 1710 5215 qui
1739 5113 1790 5191 nd
1808 5112 2045 5194 imitdndum
2063 5111 2188 5192 nette
2205 5107 2278 5186 Vir·

1474 5315 1480 5320 ⁵
1569 5221 1671 5322 ginis
1691 5220 1778 5298 Filii
1806 5221 1863 5300 tui
1881 5219 2090 5302 Genitricis
2113 5219 2275 5304 virtutes,

1469 5353 1613 5412 norum
1625 5351 1696 5431 per
1710 5328 1866 5408 beotam
1879 5327 2076 5408 toennam
2091 5325 2276 5410 sacrorum

1470 5435 1672 5538 Virginem
1690 5445 1834 5516 coetum
1853 5433 2004 5516 institui
2017 5433 2276 5534 volrrlstizejus

1469 5543 1633 5640 meritis,
1662 5541 1927 5646 precihtisque
1953 5541 2142 5640 concede,
2161 5551 2276 5644 utper

1468 5651 1606 5730 eadem
1635 5651 1863 5752 gradiemur
1880 5649 2069 5732 virtotum
2097 5645 2274 5752 exempta.

1469 5761 1543 5838 Per
1574 5757 1758 5838 eumdem
1786 5758 2003 5840 Dominum
2023 5767 2202 5842 nostrum
2223 5751 2274 5834 le·

1468 5889 1555 5948 sum
1574 5867 1790 5948 Christum.

1530 5989 1572 6064 lit
1589 5989 1626 6062 tit
1645 6007 1746 6063 com.
1771 5987 1925 6064 Octava
1945 5983 2224 6064 lluriiuatiouis
2239 5979 2271 6054 lt.

1479 6095 1608 6174 llaritr
1632 6093 1733 6186 l'irp.
