<?xml version="1.0" encoding="UTF-8"?>
<!DOCTYPE html PUBLIC "-//W3C//DTD XHTML 1.0 Transitional//EN"
    "http://www.w3.org/TR/xhtml1/DTD/xhtml1-transitional.dtd">
<html xmlns="http://www.w3.org/1999/xhtml" xml:lang="en" lang="en">
 <head>
  <title>
</title>
<meta http-equiv="Content-Type" content="text/html;charset=utf-8" />
  <meta name='ocr-system' content='tesseract 3.04.00' />
  <meta name='ocr-capabilities' content='ocr_page ocr_carea ocr_par ocr_line ocrx_word'/>
</head>
<body>
  <div class='ocr_page' id='page_1' title='image "./officiapropriad00churgoog_0406.png"; bbox 0 0 5325 7200; ppageno 0'>
   <div class='ocr_carea' id='block_1_1' title="bbox 507 790 1805 915">
    <p class='ocr_par' dir='ltr' id='par_1_1' title="bbox 507 790 1805 915">
     <span class='ocr_line' id='line_1_1' title="bbox 507 790 1805 915; baseline -0.02 -27"><span class='ocrx_word' id='word_1_1' title='bbox 507 902 514 915; x_wconf 42' lang='lat'>‚</span> <span class='ocrx_word' id='word_1_2' title='bbox 574 812 602 886; x_wconf 72' lang='grc' dir='ltr'><strong>Ξ</strong></span> <span class='ocrx_word' id='word_1_3' title='bbox 1098 800 1217 877; x_wconf 84' lang='lat' dir='ltr'><strong>liissa</strong></span> <span class='ocrx_word' id='word_1_4' title='bbox 1236 796 1372 875; x_wconf 85' lang='lat' dir='ltr'><strong>i&#39;otiva</strong></span> <span class='ocrx_word' id='word_1_5' title='bbox 1391 790 1805 874; x_wconf 74' lang='lat' dir='ltr'><strong>tieSS.Suevumeuto.</strong></span> 
     </span>
    </p>
   </div>
   <div class='ocr_carea' id='block_1_2' title="bbox 484 962 1402 6104">
    <p class='ocr_par' dir='ltr' id='par_1_2' title="bbox 566 962 1402 3187">
     <span class='ocr_line' id='line_1_2' title="bbox 570 962 1400 1071; baseline -0.01 -22"><span class='ocrx_word' id='word_1_6' title='bbox 570 982 652 1066; x_wconf 82' lang='lat' dir='ltr'><strong>tur,</strong></span> <span class='ocrx_word' id='word_1_7' title='bbox 680 969 833 1071; x_wconf 75' lang='lat' dir='ltr'><strong>accepit</strong></span> <span class='ocrx_word' id='word_1_8' title='bbox 863 987 1008 1071; x_wconf 88' lang='lat' dir='ltr'><strong>panem</strong></span> <span class='ocrx_word' id='word_1_9' title='bbox 1041 970 1083 1044; x_wconf 88' lang='lat' dir='ltr'><strong>ct</strong></span> <span class='ocrx_word' id='word_1_10' title='bbox 1108 962 1254 1066; x_wconf 77' lang='lat' dir='ltr'><strong>gritias</strong></span> <span class='ocrx_word' id='word_1_11' title='bbox 1279 982 1400 1065; x_wconf 84' lang='lat' dir='ltr'><strong>agens</strong></span> 
     </span>
     <span class='ocr_line' id='line_1_3' title="bbox 571 1068 1397 1180; baseline -0.01 -25"><span class='ocrx_word' id='word_1_12' title='bbox 571 1077 687 1180; x_wconf 80' lang='lat' dir='ltr'><strong>fregit</strong></span> <span class='ocrx_word' id='word_1_13' title='bbox 701 1086 741 1157; x_wconf 91' lang='lat' dir='ltr'><strong>et</strong></span> <span class='ocrx_word' id='word_1_14' title='bbox 757 1078 876 1156; x_wconf 81' lang='lat' dir='ltr'><strong>dixit:</strong></span> <span class='ocrx_word' id='word_1_15' title='bbox 893 1074 1068 1177; x_wconf 73' lang='lat' dir='ltr'><strong>Accipite</strong></span> <span class='ocrx_word' id='word_1_16' title='bbox 1082 1082 1123 1152; x_wconf 90' lang='lat' dir='ltr'><strong>et</strong></span> <span class='ocrx_word' id='word_1_17' title='bbox 1140 1068 1397 1149; x_wconf 76' lang='lat' dir='ltr'><strong>manducate:</strong></span> 
     </span>
     <span class='ocr_line' id='line_1_4' title="bbox 575 1176 1401 1286; baseline -0.008 -24"><span class='ocrx_word' id='word_1_18' title='bbox 575 1185 662 1266; x_wconf 89' lang='lat' dir='ltr'><strong>iiec</strong></span> <span class='ocrx_word' id='word_1_19' title='bbox 679 1192 740 1263; x_wconf 87' lang='lat' dir='ltr'><strong>esi</strong></span> <span class='ocrx_word' id='word_1_20' title='bbox 757 1185 912 1286; x_wconf 85' lang='lat' dir='ltr'><strong>Corpus</strong></span> <span class='ocrx_word' id='word_1_21' title='bbox 930 1178 1185 1281; x_wconf 89' lang='lat' dir='ltr'><strong>meumqued</strong></span> <span class='ocrx_word' id='word_1_22' title='bbox 1201 1176 1401 1279; x_wconf 89' lang='lat' dir='ltr'><strong>provehis</strong></span> 
     </span>
     <span class='ocr_line' id='line_1_5' title="bbox 572 1288 1401 1372; baseline -0.011 0"><span class='ocrx_word' id='word_1_23' title='bbox 572 1291 776 1372; x_wconf 81' lang='lat' dir='ltr'><strong>tradetur:</strong></span> <span class='ocrx_word' id='word_1_24' title='bbox 796 1291 872 1369; x_wconf 91' lang='lat' dir='ltr'><strong>hoc</strong></span> <span class='ocrx_word' id='word_1_25' title='bbox 885 1290 1001 1367; x_wconf 82' lang='lat' dir='ltr'><strong>licite</strong></span> <span class='ocrx_word' id='word_1_26' title='bbox 1019 1288 1060 1365; x_wconf 93' lang='lat' dir='ltr'><strong>in</strong></span> <span class='ocrx_word' id='word_1_27' title='bbox 1079 1306 1210 1365; x_wconf 90' lang='lat' dir='ltr'><strong>meam</strong></span> <span class='ocrx_word' id='word_1_28' title='bbox 1227 1305 1401 1369; x_wconf 87' lang='lat' dir='ltr'><strong>comme·</strong></span> 
     </span>
     <span class='ocr_line' id='line_1_6' title="bbox 573 1391 1398 1478; baseline -0.013 0"><span class='ocrx_word' id='word_1_29' title='bbox 573 1398 852 1478; x_wconf 83' lang='lat' dir='ltr'><strong>moratibnem.</strong></span> <span class='ocrx_word' id='word_1_30' title='bbox 901 1394 1093 1475; x_wconf 75' lang='lat' dir='ltr'><strong>Similiter</strong></span> <span class='ocrx_word' id='word_1_31' title='bbox 1143 1402 1182 1472; x_wconf 91' lang='lat' dir='ltr'><strong>et</strong></span> <span class='ocrx_word' id='word_1_32' title='bbox 1235 1391 1398 1470; x_wconf 73' lang='lat' dir='ltr'><strong>cilicem</strong></span> 
     </span>
     <span class='ocr_line' id='line_1_7' title="bbox 573 1496 1402 1609; baseline -0.014 -24"><span class='ocrx_word' id='word_1_33' title='bbox 573 1516 786 1609; x_wconf 77' lang='lat' dir='ltr'><strong>postquam</strong></span> <span class='ocrx_word' id='word_1_34' title='bbox 814 1503 981 1582; x_wconf 80' lang='lat' dir='ltr'><strong>emubvit</strong></span> <span class='ocrx_word' id='word_1_35' title='bbox 1012 1501 1149 1579; x_wconf 82' lang='lat' dir='ltr'><strong>(licens</strong></span> <span class='ocrx_word' id='word_1_36' title='bbox 1169 1526 1178 1576; x_wconf 77' lang='grc' dir='ltr'>ι</span> <span class='ocrx_word' id='word_1_37' title='bbox 1200 1497 1276 1576; x_wconf 82' lang='grc' dir='ltr'><strong>Ηίο</strong></span> <span class='ocrx_word' id='word_1_38' title='bbox 1300 1496 1402 1575; x_wconf 83' lang='lat' dir='ltr'><strong>calix</strong></span> 
     </span>
     <span class='ocr_line' id='line_1_8' title="bbox 575 1604 1401 1691; baseline -0.013 0"><span class='ocrx_word' id='word_1_39' title='bbox 575 1634 721 1691; x_wconf 91' lang='lat' dir='ltr'><strong>novum</strong></span> <span class='ocrx_word' id='word_1_40' title='bbox 740 1608 1022 1690; x_wconf 76' lang='lat' dir='ltr'><strong>testamentum</strong></span> <span class='ocrx_word' id='word_1_41' title='bbox 1041 1616 1101 1686; x_wconf 90' lang='lat' dir='ltr'><strong>est</strong></span> <span class='ocrx_word' id='word_1_42' title='bbox 1124 1607 1166 1683; x_wconf 94' lang='lat' dir='ltr'><strong>in</strong></span> <span class='ocrx_word' id='word_1_43' title='bbox 1192 1627 1283 1685; x_wconf 89' lang='lat' dir='ltr'><strong>mee</strong></span> <span class='ocrx_word' id='word_1_44' title='bbox 1310 1604 1401 1683; x_wconf 80' lang='lat' dir='ltr'><strong>san·</strong></span> 
     </span>
     <span class='ocr_line' id='line_1_9' title="bbox 572 1710 1400 1823; baseline -0.01 -27"><span class='ocrx_word' id='word_1_45' title='bbox 572 1720 717 1823; x_wconf 82' lang='lat' dir='ltr'><strong>guine:</strong></span> <span class='ocrx_word' id='word_1_46' title='bbox 744 1718 822 1795; x_wconf 90' lang='lat' dir='ltr'><strong>boc</strong></span> <span class='ocrx_word' id='word_1_47' title='bbox 843 1714 960 1795; x_wconf 82' lang='lat' dir='ltr'><strong>licite</strong></span> <span class='ocrx_word' id='word_1_48' title='bbox 977 1710 1306 1816; x_wconf 82' lang='lat' dir='ltr'><strong>quotiesctimque</strong></span> <span class='ocrx_word' id='word_1_49' title='bbox 1340 1710 1400 1789; x_wconf 92' lang='lat' dir='ltr'><strong>bi-</strong></span> 
     </span>
     <span class='ocr_line' id='line_1_10' title="bbox 572 1818 1397 1905; baseline -0.01 -2"><span class='ocrx_word' id='word_1_50' title='bbox 572 1826 676 1905; x_wconf 75' lang='lat' dir='ltr'><strong>betis</strong></span> <span class='ocrx_word' id='word_1_51' title='bbox 709 1824 751 1901; x_wconf 93' lang='lat' dir='ltr'><strong>in</strong></span> <span class='ocrx_word' id='word_1_52' title='bbox 786 1844 917 1901; x_wconf 87' lang='lat' dir='ltr'><strong>meam</strong></span> <span class='ocrx_word' id='word_1_53' title='bbox 960 1818 1397 1900; x_wconf 83' lang='lat' dir='ltr'><strong>commemoratibnem.</strong></span> 
     </span>
     <span class='ocr_line' id='line_1_11' title="bbox 573 1925 1400 2031; baseline -0.01 -19"><span class='ocrx_word' id='word_1_54' title='bbox 573 1930 912 2031; x_wconf 76' lang='lat' dir='ltr'><strong>Quotiescumque</strong></span> <span class='ocrx_word' id='word_1_55' title='bbox 958 1930 1066 2008; x_wconf 90' lang='lat' dir='ltr'><strong>euim</strong></span> <span class='ocrx_word' id='word_1_56' title='bbox 1108 1925 1400 2005; x_wconf 80' lang='lat' dir='ltr'><strong>manducibitis</strong></span> 
     </span>
     <span class='ocr_line' id='line_1_12' title="bbox 572 2033 1399 2142; baseline -0.01 -23"><span class='ocrx_word' id='word_1_57' title='bbox 572 2062 718 2142; x_wconf 89' lang='lat' dir='ltr'><strong>panem</strong></span> <span class='ocrx_word' id='word_1_58' title='bbox 739 2038 845 2117; x_wconf 92' lang='lat' dir='ltr'><strong>bunc</strong></span> <span class='ocrx_word' id='word_1_59' title='bbox 864 2047 903 2115; x_wconf 87' lang='lat' dir='ltr'><strong>et</strong></span> <span class='ocrx_word' id='word_1_60' title='bbox 935 2036 1099 2115; x_wconf 81' lang='lat' dir='ltr'><strong>cilicem</strong></span> <span class='ocrx_word' id='word_1_61' title='bbox 1117 2033 1277 2130; x_wconf 75' lang='lat' dir='ltr'><strong>bibetis,</strong></span> <span class='ocrx_word' id='word_1_62' title='bbox 1292 2056 1399 2113; x_wconf 85' lang='lat' dir='ltr'><strong>mov·</strong></span> 
     </span>
     <span class='ocr_line' id='line_1_13' title="bbox 572 2138 1400 2227; baseline -0.011 0"><span class='ocrx_word' id='word_1_63' title='bbox 572 2159 652 2227; x_wconf 87' lang='lat' dir='ltr'><strong>tem</strong></span> <span class='ocrx_word' id='word_1_64' title='bbox 686 2146 847 2226; x_wconf 77' lang='lat' dir='ltr'><strong>Demiui</strong></span> <span class='ocrx_word' id='word_1_65' title='bbox 873 2142 1162 2223; x_wconf 78' lang='lat' dir='ltr'><strong>annuntiivbitis</strong></span> <span class='ocrx_word' id='word_1_66' title='bbox 1193 2142 1321 2219; x_wconf 88' lang='lat' dir='ltr'><strong>donec</strong></span> <span class='ocrx_word' id='word_1_67' title='bbox 1338 2138 1400 2219; x_wconf 78' lang='lat' dir='ltr'><strong>ve-</strong></span> 
     </span>
     <span class='ocr_line' id='line_1_14' title="bbox 571 2248 1401 2355; baseline -0.008 -23"><span class='ocrx_word' id='word_1_68' title='bbox 571 2256 669 2334; x_wconf 90' lang='lat' dir='ltr'><strong>niat.</strong></span> <span class='ocrx_word' id='word_1_69' title='bbox 690 2255 829 2355; x_wconf 90' lang='lat' dir='ltr'><strong>itaque</strong></span> <span class='ocrx_word' id='word_1_70' title='bbox 843 2251 1087 2355; x_wconf 77' lang='lat' dir='ltr'><strong>quicumque</strong></span> <span class='ocrx_word' id='word_1_71' title='bbox 1104 2248 1401 2327; x_wconf 79' lang='lat' dir='ltr'><strong>manductvevit</strong></span> 
     </span>
     <span class='ocr_line' id='line_1_15' title="bbox 571 2354 1399 2464; baseline -0.008 -24"><span class='ocrx_word' id='word_1_72' title='bbox 571 2384 718 2464; x_wconf 88' lang='lat' dir='ltr'><strong>panem</strong></span> <span class='ocrx_word' id='word_1_73' title='bbox 736 2362 843 2439; x_wconf 89' lang='lat' dir='ltr'><strong>bunc</strong></span> <span class='ocrx_word' id='word_1_74' title='bbox 864 2358 925 2439; x_wconf 89' lang='lat' dir='ltr'><strong>vel</strong></span> <span class='ocrx_word' id='word_1_75' title='bbox 952 2357 1098 2436; x_wconf 84' lang='lat' dir='ltr'><strong>biberit</strong></span> <span class='ocrx_word' id='word_1_76' title='bbox 1128 2355 1291 2435; x_wconf 78' lang='lat' dir='ltr'><strong>cilicem</strong></span> <span class='ocrx_word' id='word_1_77' title='bbox 1319 2354 1399 2433; x_wconf 86' lang='lat' dir='ltr'><strong>Db-</strong></span> 
     </span>
     <span class='ocr_line' id='line_1_16' title="bbox 570 2460 1401 2567; baseline -0.006 -21"><span class='ocrx_word' id='word_1_78' title='bbox 570 2470 667 2546; x_wconf 93' lang='lat' dir='ltr'><strong>mini</strong></span> <span class='ocrx_word' id='word_1_79' title='bbox 704 2468 880 2567; x_wconf 81' lang='lat' dir='ltr'><strong>indigne,</strong></span> <span class='ocrx_word' id='word_1_80' title='bbox 917 2480 1010 2543; x_wconf 82' lang='lat' dir='ltr'><strong>reus</strong></span> <span class='ocrx_word' id='word_1_81' title='bbox 1044 2462 1119 2542; x_wconf 77' lang='lat' dir='ltr'><strong>erit</strong></span> <span class='ocrx_word' id='word_1_82' title='bbox 1149 2460 1331 2563; x_wconf 79' lang='lat' dir='ltr'><strong>cbrpovis</strong></span> <span class='ocrx_word' id='word_1_83' title='bbox 1362 2468 1401 2541; x_wconf 88' lang='lat' dir='ltr'><strong>et</strong></span> 
     </span>
     <span class='ocr_line' id='line_1_17' title="bbox 569 2570 1401 2679; baseline -0.008 -25"><span class='ocrx_word' id='word_1_84' title='bbox 569 2575 771 2679; x_wconf 76' lang='lat' dir='ltr'><strong>singuiuis</strong></span> <span class='ocrx_word' id='word_1_85' title='bbox 794 2572 969 2652; x_wconf 80' lang='lat' dir='ltr'><strong>ilbmini.</strong></span> <span class='ocrx_word' id='word_1_86' title='bbox 992 2570 1139 2650; x_wconf 82' lang='lat' dir='ltr'>Probet</span> <span class='ocrx_word' id='word_1_87' title='bbox 1175 2578 1307 2647; x_wconf 89' lang='lat' dir='ltr'><strong>autem</strong></span> <span class='ocrx_word' id='word_1_88' title='bbox 1340 2592 1401 2647; x_wconf 93' lang='lat' dir='ltr'><strong>se·</strong></span> 
     </span>
     <span class='ocr_line' id='line_1_18' title="bbox 567 2675 1397 2785; baseline -0.005 -26"><span class='ocrx_word' id='word_1_89' title='bbox 567 2684 699 2785; x_wconf 89' lang='lat' dir='ltr'><strong>ipsum</strong></span> <span class='ocrx_word' id='word_1_90' title='bbox 719 2682 865 2771; x_wconf 89' lang='lat' dir='ltr'><strong>bom0;</strong></span> <span class='ocrx_word' id='word_1_91' title='bbox 886 2693 925 2759; x_wconf 87' lang='lat' dir='ltr'><strong>et</strong></span> <span class='ocrx_word' id='word_1_92' title='bbox 939 2678 996 2761; x_wconf 89' lang='lat' dir='ltr'><strong>sic</strong></span> <span class='ocrx_word' id='word_1_93' title='bbox 1015 2677 1066 2755; x_wconf 88' lang='lat' dir='ltr'><strong>dc</strong></span> <span class='ocrx_word' id='word_1_94' title='bbox 1084 2698 1187 2779; x_wconf 90' lang='lat' dir='ltr'><strong>panc</strong></span> <span class='ocrx_word' id='word_1_95' title='bbox 1206 2675 1275 2755; x_wconf 92' lang='lat' dir='ltr'><strong>iilo</strong></span> <span class='ocrx_word' id='word_1_96' title='bbox 1291 2675 1397 2773; x_wconf 84' lang='lat' dir='ltr'><strong>edat,</strong></span> 
     </span>
     <span class='ocr_line' id='line_1_19' title="bbox 568 2780 1399 2882; baseline -0.006 -15"><span class='ocrx_word' id='word_1_97' title='bbox 568 2788 675 2867; x_wconf 87' lang='lat' dir='ltr'><strong>etde</strong></span> <span class='ocrx_word' id='word_1_98' title='bbox 692 2788 814 2867; x_wconf 81' lang='lat' dir='ltr'><strong>calice</strong></span> <span class='ocrx_word' id='word_1_99' title='bbox 831 2784 953 2865; x_wconf 89' lang='lat' dir='ltr'><strong>bibat.</strong></span> <span class='ocrx_word' id='word_1_100' title='bbox 965 2783 1044 2882; x_wconf 85' lang='lat' dir='ltr'><strong>Qui</strong></span> <span class='ocrx_word' id='word_1_101' title='bbox 1057 2782 1165 2862; x_wconf 89' lang='lat' dir='ltr'><strong>enim</strong></span> <span class='ocrx_word' id='word_1_102' title='bbox 1183 2780 1399 2862; x_wconf 77' lang='lat' dir='ltr'><strong>manducat</strong></span> 
     </span>
     <span class='ocr_line' id='line_1_20' title="bbox 569 2888 1398 2993; baseline -0.008 -20"><span class='ocrx_word' id='word_1_103' title='bbox 569 2905 610 2975; x_wconf 90' lang='lat' dir='ltr'><strong>et</strong></span> <span class='ocrx_word' id='word_1_104' title='bbox 637 2893 740 2972; x_wconf 80' lang='lat' dir='ltr'><strong>bibit</strong></span> <span class='ocrx_word' id='word_1_105' title='bbox 768 2892 945 2993; x_wconf 84' lang='lat' dir='ltr'><strong>indigue,</strong></span> <span class='ocrx_word' id='word_1_106' title='bbox 964 2888 1160 2993; x_wconf 86' lang='lat' dir='ltr'><strong>judicium</strong></span> <span class='ocrx_word' id='word_1_107' title='bbox 1178 2888 1255 2968; x_wconf 85' lang='lat' dir='ltr'><strong>sibi</strong></span> <span class='ocrx_word' id='word_1_108' title='bbox 1285 2910 1398 2967; x_wconf 85' lang='lat' dir='ltr'><strong>man·</strong></span> 
     </span>
     <span class='ocr_line' id='line_1_21' title="bbox 566 2993 1397 3187; baseline -0.006 -107"><span class='ocrx_word' id='word_1_109' title='bbox 566 3000 687 3187; x_wconf 45' lang='grc' dir='ltr'><strong>Ἥξει</strong></span> <span class='ocrx_word' id='word_1_110' title='bbox 703 3008 744 3079; x_wconf 86' lang='lat' dir='ltr'><strong>et</strong></span> <span class='ocrx_word' id='word_1_111' title='bbox 760 2996 877 3095; x_wconf 87' lang='lat' dir='ltr'><strong>bibit,</strong></span> <span class='ocrx_word' id='word_1_112' title='bbox 898 3018 980 3077; x_wconf 88' lang='lat' dir='ltr'><strong>non</strong></span> <span class='ocrx_word' id='word_1_113' title='bbox 998 2993 1222 3097; x_wconf 82' lang='lat' dir='ltr'><strong>dijidicans</strong></span> <span class='ocrx_word' id='word_1_114' title='bbox 1250 3014 1397 3099; x_wconf 86' lang='lat' dir='ltr'><strong>cerpus</strong></span> 
     </span>
    </p>

    <p class='ocr_par' dir='ltr' id='par_1_3' title="bbox 633 3128 1199 3185">
     <span class='ocr_line' id='line_1_22' title="bbox 633 3128 1199 3185; baseline -0.011 0"><span class='ocrx_word' id='word_1_115' title='bbox 633 3128 744 3185; x_wconf 91' lang='lat' dir='ltr'><strong>uum.</strong></span> <span class='ocrx_word' id='word_1_116' title='bbox 1191 3170 1199 3179; x_wconf 93' lang='lat'><strong>.</strong></span> 
     </span>
    </p>

    <p class='ocr_par' dir='ltr' id='par_1_4' title="bbox 567 3208 1398 3724">
     <span class='ocr_line' id='line_1_23' title="bbox 606 3208 1398 3297; baseline -0.011 0"><span class='ocrx_word' id='word_1_117' title='bbox 606 3218 813 3297; x_wconf 80' lang='lat' dir='ltr'><strong>Gravluaie.</strong></span> <span class='ocrx_word' id='word_1_118' title='bbox 836 3214 975 3295; x_wconf 72' lang='lat' dir='ltr'><strong>esaim.</strong></span> <span class='ocrx_word' id='word_1_119' title='bbox 999 3216 1080 3289; x_wconf 84' lang='lat' dir='ltr'><strong>iii.</strong></span> <span class='ocrx_word' id='word_1_120' title='bbox 1094 3208 1398 3289; x_wconf 84' lang='lat' dir='ltr'><strong>Ocuiibmuium</strong></span> 
     </span>
     <span class='ocr_line' id='line_1_24' title="bbox 568 3316 1398 3425; baseline -0.001 -26"><span class='ocrx_word' id='word_1_121' title='bbox 568 3320 610 3400; x_wconf 93' lang='lat' dir='ltr'><strong>in</strong></span> <span class='ocrx_word' id='word_1_122' title='bbox 629 3330 668 3401; x_wconf 85' lang='lat' dir='ltr'><strong>te</strong></span> <span class='ocrx_word' id='word_1_123' title='bbox 685 3330 863 3425; x_wconf 79' lang='lat' dir='ltr'><strong>sperant,</strong></span> <span class='ocrx_word' id='word_1_124' title='bbox 883 3317 1054 3401; x_wconf 78' lang='lat' dir='ltr'><strong>Dimiue</strong></span> <span class='ocrx_word' id='word_1_125' title='bbox 1075 3347 1085 3397; x_wconf 76' lang='grc' dir='ltr'>ι</span> <span class='ocrx_word' id='word_1_126' title='bbox 1105 3327 1146 3399; x_wconf 87' lang='lat' dir='ltr'><strong>et</strong></span> <span class='ocrx_word' id='word_1_127' title='bbox 1168 3326 1212 3399; x_wconf 90' lang='lat' dir='ltr'><strong>tu</strong></span> <span class='ocrx_word' id='word_1_128' title='bbox 1232 3316 1304 3397; x_wconf 88' lang='lat' dir='ltr'><strong>das</strong></span> <span class='ocrx_word' id='word_1_129' title='bbox 1317 3316 1398 3398; x_wconf 90' lang='lat' dir='ltr'><strong>iilis</strong></span> 
     </span>
     <span class='ocr_line' id='line_1_25' title="bbox 567 3423 1397 3533; baseline -0.006 -25"><span class='ocrx_word' id='word_1_130' title='bbox 567 3452 700 3508; x_wconf 87' lang='lat' dir='ltr'><strong>escam</strong></span> <span class='ocrx_word' id='word_1_131' title='bbox 718 3430 759 3507; x_wconf 93' lang='lat' dir='ltr'><strong>in</strong></span> <span class='ocrx_word' id='word_1_132' title='bbox 778 3430 958 3533; x_wconf 76' lang='lat' dir='ltr'><strong>tempere</strong></span> <span class='ocrx_word' id='word_1_133' title='bbox 975 3426 1217 3531; x_wconf 70' lang='lat' dir='ltr'><strong>oppertbno.</strong></span> <span class='ocrx_word' id='word_1_134' title='bbox 1238 3425 1277 3525; x_wconf 64' lang='lat' dir='ltr'><strong>i.</strong></span> <span class='ocrx_word' id='word_1_135' title='bbox 1294 3423 1397 3527; x_wconf 87' lang='lat' dir='ltr'><strong>ilpe-</strong></span> 
     </span>
     <span class='ocr_line' id='line_1_26' title="bbox 567 3531 1395 3636; baseline -0.002 -20"><span class='ocrx_word' id='word_1_136' title='bbox 567 3538 623 3616; x_wconf 86' lang='lat' dir='ltr'><strong>ris</strong></span> <span class='ocrx_word' id='word_1_137' title='bbox 639 3548 683 3618; x_wconf 93' lang='lat' dir='ltr'><strong>tu</strong></span> <span class='ocrx_word' id='word_1_138' title='bbox 701 3560 865 3616; x_wconf 84' lang='lat' dir='ltr'><strong>manum</strong></span> <span class='ocrx_word' id='word_1_139' title='bbox 882 3547 992 3618; x_wconf 89' lang='lat' dir='ltr'><strong>tuam</strong></span> <span class='ocrx_word' id='word_1_140' title='bbox 1025 3542 1065 3617; x_wconf 86' lang='lat' dir='ltr'><strong>et</strong></span> <span class='ocrx_word' id='word_1_141' title='bbox 1097 3531 1241 3636; x_wconf 81' lang='lat' dir='ltr'><strong>imples</strong></span> <span class='ocrx_word' id='word_1_142' title='bbox 1274 3554 1395 3614; x_wconf 90' lang='lat' dir='ltr'><strong>omne</strong></span> 
     </span>
     <span class='ocr_line' id='line_1_27' title="bbox 567 3644 1034 3724; baseline 0.002 -3"><span class='ocrx_word' id='word_1_143' title='bbox 567 3644 716 3723; x_wconf 83' lang='lat' dir='ltr'><strong>iuimai</strong></span> <span class='ocrx_word' id='word_1_144' title='bbox 744 3644 1034 3724; x_wconf 84' lang='lat' dir='ltr'><strong>benedictibnc.</strong></span> 
     </span>
    </p>

    <p class='ocr_par' dir='ltr' id='par_1_5' title="bbox 565 3749 1393 4286">
     <span class='ocr_line' id='line_1_28' title="bbox 618 3749 1393 3852; baseline 0 -22"><span class='ocrx_word' id='word_1_145' title='bbox 618 3751 810 3847; x_wconf 76' lang='lat' dir='ltr'><strong>nitelam,</strong></span> <span class='ocrx_word' id='word_1_146' title='bbox 830 3750 1049 3852; x_wconf 56' lang='lat' dir='ltr'><strong>alleluiam.</strong></span> <span class='ocrx_word' id='word_1_147' title='bbox 1071 3755 1214 3832; x_wconf 85' lang='lat' dir='ltr'><strong>leann.</strong></span> <span class='ocrx_word' id='word_1_148' title='bbox 1232 3756 1268 3831; x_wconf 80' lang='lat' dir='ltr'><strong>b.</strong></span> <span class='ocrx_word' id='word_1_149' title='bbox 1288 3749 1393 3830; x_wconf 83' lang='lat' dir='ltr'><strong>(lare</strong></span> 
     </span>
     <span class='ocr_line' id='line_1_29' title="bbox 567 3860 1393 3963; baseline 0 -21"><span class='ocrx_word' id='word_1_150' title='bbox 567 3886 657 3942; x_wconf 90' lang='lat' dir='ltr'><strong>mea</strong></span> <span class='ocrx_word' id='word_1_151' title='bbox 673 3885 764 3942; x_wconf 81' lang='lat' dir='ltr'><strong>vere</strong></span> <span class='ocrx_word' id='word_1_152' title='bbox 781 3872 843 3942; x_wconf 91' lang='lat' dir='ltr'><strong>est</strong></span> <span class='ocrx_word' id='word_1_153' title='bbox 872 3860 998 3957; x_wconf 88' lang='lat' dir='ltr'><strong>cibus,</strong></span> <span class='ocrx_word' id='word_1_154' title='bbox 1017 3869 1059 3942; x_wconf 90' lang='lat' dir='ltr'><strong>et</strong></span> <span class='ocrx_word' id='word_1_155' title='bbox 1085 3861 1246 3963; x_wconf 80' lang='lat' dir='ltr'><strong>sanguis</strong></span> <span class='ocrx_word' id='word_1_156' title='bbox 1279 3883 1393 3942; x_wconf 88' lang='lat' dir='ltr'><strong>meus</strong></span> 
     </span>
     <span class='ocr_line' id='line_1_30' title="bbox 565 3966 1392 4070; baseline -0.002 -22"><span class='ocrx_word' id='word_1_157' title='bbox 565 3993 657 4048; x_wconf 82' lang='lat' dir='ltr'><strong>vere</strong></span> <span class='ocrx_word' id='word_1_158' title='bbox 675 3978 735 4047; x_wconf 88' lang='lat' dir='ltr'><strong>est</strong></span> <span class='ocrx_word' id='word_1_159' title='bbox 760 3975 903 4070; x_wconf 87' lang='lat' dir='ltr'><strong>petus:</strong></span> <span class='ocrx_word' id='word_1_160' title='bbox 924 3969 993 4069; x_wconf 90' lang='lat' dir='ltr'><strong>qui</strong></span> <span class='ocrx_word' id='word_1_161' title='bbox 1019 3966 1233 4047; x_wconf 76' lang='lat' dir='ltr'><strong>manducat</strong></span> <span class='ocrx_word' id='word_1_162' title='bbox 1260 3989 1392 4048; x_wconf 85' lang='lat' dir='ltr'><strong>meam</strong></span> 
     </span>
     <span class='ocr_line' id='line_1_31' title="bbox 566 4074 1391 4177; baseline -0.002 -21"><span class='ocrx_word' id='word_1_163' title='bbox 566 4097 727 4156; x_wconf 81' lang='lat' dir='ltr'><strong>carnem</strong></span> <span class='ocrx_word' id='word_1_164' title='bbox 755 4085 794 4156; x_wconf 89' lang='lat' dir='ltr'><strong>et</strong></span> <span class='ocrx_word' id='word_1_165' title='bbox 823 4075 925 4156; x_wconf 90' lang='lat' dir='ltr'><strong>bibit</strong></span> <span class='ocrx_word' id='word_1_166' title='bbox 949 4097 1084 4156; x_wconf 90' lang='lat' dir='ltr'><strong>meum</strong></span> <span class='ocrx_word' id='word_1_167' title='bbox 1101 4074 1333 4177; x_wconf 79' lang='lat' dir='ltr'><strong>singuinem</strong></span> <span class='ocrx_word' id='word_1_168' title='bbox 1350 4077 1391 4154; x_wconf 93' lang='lat' dir='ltr'><strong>in</strong></span> 
     </span>
     <span class='ocr_line' id='line_1_32' title="bbox 566 4183 1068 4286; baseline 0.002 -25"><span class='ocrx_word' id='word_1_169' title='bbox 566 4183 1068 4286; x_wconf 57' lang='lat' dir='ltr'><strong>mmmmmmm</strong></span> 
     </span>
    </p>

    <p class='ocr_par' dir='ltr' id='par_1_6' title="bbox 865 4293 1091 4394">
     <span class='ocr_line' id='line_1_33' title="bbox 865 4293 1091 4394; baseline 0.013 -26"><span class='ocrx_word' id='word_1_170' title='bbox 865 4293 1091 4394; x_wconf 70' lang='lat' dir='ltr'><strong>Sequentia.</strong></span> 
     </span>
    </p>

    <p class='ocr_par' dir='ltr' id='par_1_7' title="bbox 563 4393 1391 4689">
     <span class='ocr_line' id='line_1_34' title="bbox 565 4393 1391 4596; baseline 0 -13"><span class='ocrx_word' id='word_1_171' title='bbox 565 4393 1391 4596; x_wconf 55' lang='lat' dir='ltr'><strong>utlstibi-tiit..libuit</strong></span> 
     </span>
     <span class='ocr_line' id='line_1_35' title="bbox 563 4528 1388 4689; baseline 0.004 -3"><span class='ocrx_word' id='word_1_172' title='bbox 563 4630 644 4689; x_wconf 90' lang='lat' dir='ltr'><strong>nou</strong></span> <span class='ocrx_word' id='word_1_173' title='bbox 663 4607 880 4688; x_wconf 75' lang='lat' dir='ltr'><strong>mittendus</strong></span> <span class='ocrx_word' id='word_1_174' title='bbox 893 4528 1080 4689; x_wconf 57' lang='lat' dir='ltr'><strong>ciuibusl.)</strong></span> <span class='ocrx_word' id='word_1_175' title='bbox 1377 4567 1388 4604; x_wconf 66' lang='lat'><em>’</em></span> 
     </span>
    </p>

    <p class='ocr_par' dir='ltr' id='par_1_8' title="bbox 560 4715 1388 5034">
     <span class='ocr_line' id='line_1_36' title="bbox 615 4715 1388 4820; baseline -0.003 -20"><span class='ocrx_word' id='word_1_176' title='bbox 615 4723 658 4800; x_wconf 93' lang='lat' dir='ltr'><strong>ln</strong></span> <span class='ocrx_word' id='word_1_177' title='bbox 688 4715 823 4819; x_wconf 82' lang='lat' dir='ltr'><strong>iigviris</strong></span> <span class='ocrx_word' id='word_1_178' title='bbox 851 4717 1125 4820; x_wconf 76' lang='lat' dir='ltr'><strong>praesignitur,</strong></span> <span class='ocrx_word' id='word_1_179' title='bbox 1157 4739 1249 4797; x_wconf 92' lang='lat' dir='ltr'><strong>cum</strong></span> <span class='ocrx_word' id='word_1_180' title='bbox 1275 4716 1388 4798; x_wconf 83' lang='lat' dir='ltr'><strong>issac</strong></span> 
     </span>
     <span class='ocr_line' id='line_1_37' title="bbox 560 4824 1384 4928; baseline 0.001 -26"><span class='ocrx_word' id='word_1_181' title='bbox 560 4825 805 4922; x_wconf 76' lang='lat' dir='ltr'><strong>immolatur,</strong></span> <span class='ocrx_word' id='word_1_182' title='bbox 824 4847 949 4926; x_wconf 79' lang='lat' dir='ltr'><strong>agnus</strong></span> <span class='ocrx_word' id='word_1_183' title='bbox 967 4826 1129 4906; x_wconf 83' lang='lat' dir='ltr'><strong>Pascbae</strong></span> <span class='ocrx_word' id='word_1_184' title='bbox 1155 4824 1384 4928; x_wconf 72' lang='lat' dir='ltr'><strong>deputetur,</strong></span> 
     </span>
     <span class='ocr_line' id='line_1_38' title="bbox 561 4931 1052 5034; baseline 0.01 -26"><span class='ocrx_word' id='word_1_185' title='bbox 561 4931 680 5012; x_wconf 80' lang='lat' dir='ltr'><strong>datur</strong></span> <span class='ocrx_word' id='word_1_186' title='bbox 694 4952 840 5010; x_wconf 86' lang='lat' dir='ltr'><strong>manna</strong></span> <span class='ocrx_word' id='word_1_187' title='bbox 858 4932 1052 5034; x_wconf 83' lang='lat' dir='ltr'><strong>pluribus.</strong></span> 
     </span>
    </p>

    <p class='ocr_par' dir='ltr' id='par_1_9' title="bbox 559 5039 1385 5440">
     <span class='ocr_line' id='line_1_39' title="bbox 618 5039 1385 5140; baseline 0 -21"><span class='ocrx_word' id='word_1_188' title='bbox 618 5045 721 5119; x_wconf 84' lang='lat' dir='ltr'><strong>itone</strong></span> <span class='ocrx_word' id='word_1_189' title='bbox 749 5045 898 5139; x_wconf 80' lang='lat' dir='ltr'><strong>paster,</strong></span> <span class='ocrx_word' id='word_1_190' title='bbox 923 5040 1039 5140; x_wconf 93' lang='lat' dir='ltr'><strong>panis</strong></span> <span class='ocrx_word' id='word_1_191' title='bbox 1054 5061 1161 5137; x_wconf 83' lang='lat' dir='ltr'><strong>vere,</strong></span> <span class='ocrx_word' id='word_1_192' title='bbox 1179 5039 1288 5138; x_wconf 87' lang='lat' dir='ltr'><strong>Jesu,</strong></span> <span class='ocrx_word' id='word_1_193' title='bbox 1316 5062 1385 5119; x_wconf 77' lang='lat' dir='ltr'><strong>ne</strong></span> 
     </span>
     <span class='ocr_line' id='line_1_40' title="bbox 559 5142 1383 5248; baseline 0.001 -25"><span class='ocrx_word' id='word_1_194' title='bbox 559 5143 632 5223; x_wconf 80' lang='lat' dir='ltr'><strong>stri</strong></span> <span class='ocrx_word' id='word_1_195' title='bbox 648 5142 838 5222; x_wconf 80' lang='lat' dir='ltr'><strong>miserere</strong></span> <span class='ocrx_word' id='word_1_196' title='bbox 858 5169 868 5219; x_wconf 74' lang='grc' dir='ltr'><strong>ε</strong></span> <span class='ocrx_word' id='word_1_197' title='bbox 887 5151 931 5222; x_wconf 91' lang='lat' dir='ltr'><strong>tu</strong></span> <span class='ocrx_word' id='word_1_198' title='bbox 950 5166 1025 5225; x_wconf 87' lang='lat' dir='ltr'><strong>nos</strong></span> <span class='ocrx_word' id='word_1_199' title='bbox 1053 5169 1186 5248; x_wconf 86' lang='lat' dir='ltr'><strong>pasce,</strong></span> <span class='ocrx_word' id='word_1_200' title='bbox 1207 5167 1282 5228; x_wconf 88' lang='lat' dir='ltr'><strong>nos</strong></span> <span class='ocrx_word' id='word_1_201' title='bbox 1299 5146 1383 5226; x_wconf 82' lang='lat' dir='ltr'><strong>ue-</strong></span> 
     </span>
     <span class='ocr_line' id='line_1_41' title="bbox 561 5247 1384 5347; baseline 0.002 -19"><span class='ocrx_word' id='word_1_202' title='bbox 561 5271 620 5347; x_wconf 86' lang='lat' dir='ltr'><strong>re,</strong></span> <span class='ocrx_word' id='word_1_203' title='bbox 639 5261 682 5331; x_wconf 92' lang='lat' dir='ltr'><strong>tu</strong></span> <span class='ocrx_word' id='word_1_204' title='bbox 711 5271 785 5329; x_wconf 90' lang='lat' dir='ltr'><strong>nes</strong></span> <span class='ocrx_word' id='word_1_205' title='bbox 817 5247 926 5330; x_wconf 83' lang='lat' dir='ltr'><strong>bona</strong></span> <span class='ocrx_word' id='word_1_206' title='bbox 954 5253 1015 5332; x_wconf 88' lang='lat' dir='ltr'><strong>iac</strong></span> <span class='ocrx_word' id='word_1_207' title='bbox 1043 5251 1179 5334; x_wconf 73' lang='lat' dir='ltr'><strong>vidire</strong></span> <span class='ocrx_word' id='word_1_208' title='bbox 1209 5253 1251 5331; x_wconf 92' lang='lat' dir='ltr'><strong>in</strong></span> <span class='ocrx_word' id='word_1_209' title='bbox 1277 5263 1384 5334; x_wconf 81' lang='lat' dir='ltr'><strong>terra</strong></span> 
     </span>
     <span class='ocr_line' id='line_1_42' title="bbox 561 5357 789 5440; baseline -0.026 0"><span class='ocrx_word' id='word_1_210' title='bbox 561 5357 789 5440; x_wconf 78' lang='lat' dir='ltr'><strong>viventium.</strong></span> 
     </span>
    </p>

    <p class='ocr_par' dir='ltr' id='par_1_10' title="bbox 484 5461 1387 6104">
     <span class='ocr_line' id='line_1_43' title="bbox 615 5461 1385 5568; baseline 0 -22"><span class='ocrx_word' id='word_1_211' title='bbox 615 5469 684 5562; x_wconf 81' lang='lat' dir='ltr'><strong>lu,</strong></span> <span class='ocrx_word' id='word_1_212' title='bbox 700 5465 771 5568; x_wconf 84' lang='lat' dir='ltr'><strong>qui</strong></span> <span class='ocrx_word' id='word_1_213' title='bbox 788 5469 930 5542; x_wconf 83' lang='lat' dir='ltr'><strong>cancta</strong></span> <span class='ocrx_word' id='word_1_214' title='bbox 942 5461 1019 5542; x_wconf 86' lang='lat' dir='ltr'><strong>scis</strong></span> <span class='ocrx_word' id='word_1_215' title='bbox 1034 5468 1076 5542; x_wconf 87' lang='lat' dir='ltr'><strong>et</strong></span> <span class='ocrx_word' id='word_1_216' title='bbox 1090 5463 1211 5562; x_wconf 87' lang='lat' dir='ltr'><strong>vales,</strong></span> <span class='ocrx_word' id='word_1_217' title='bbox 1222 5465 1291 5568; x_wconf 89' lang='lat' dir='ltr'><strong>qui</strong></span> <span class='ocrx_word' id='word_1_218' title='bbox 1308 5485 1385 5546; x_wconf 88' lang='lat' dir='ltr'><strong>uos</strong></span> 
     </span>
     <span class='ocr_line' id='line_1_44' title="bbox 558 5570 1383 5676; baseline 0 -26"><span class='ocrx_word' id='word_1_219' title='bbox 558 5571 688 5676; x_wconf 84' lang='lat' dir='ltr'><strong>pascis</strong></span> <span class='ocrx_word' id='word_1_220' title='bbox 703 5570 967 5650; x_wconf 79' lang='lat' dir='ltr'><strong>bicmortiies</strong></span> <span class='ocrx_word' id='word_1_221' title='bbox 979 5597 991 5665; x_wconf 90' lang='lat'>;</span> <span class='ocrx_word' id='word_1_222' title='bbox 1007 5579 1098 5650; x_wconf 87' lang='lat' dir='ltr'><strong>tues</strong></span> <span class='ocrx_word' id='word_1_223' title='bbox 1111 5571 1166 5649; x_wconf 93' lang='lat' dir='ltr'><strong>ibi</strong></span> <span class='ocrx_word' id='word_1_224' title='bbox 1182 5589 1383 5652; x_wconf 89' lang='lat' dir='ltr'><strong>commen·</strong></span> 
     </span>
     <span class='ocr_line' id='line_1_45' title="bbox 558 5677 1385 5777; baseline 0 -17"><span class='ocrx_word' id='word_1_225' title='bbox 558 5679 675 5777; x_wconf 80' lang='lat' dir='ltr'><strong>siles,</strong></span> <span class='ocrx_word' id='word_1_226' title='bbox 692 5678 920 5760; x_wconf 78' lang='lat' dir='ltr'><strong>cobertdes</strong></span> <span class='ocrx_word' id='word_1_227' title='bbox 935 5686 975 5758; x_wconf 86' lang='lat' dir='ltr'><strong>et</strong></span> <span class='ocrx_word' id='word_1_228' title='bbox 984 5677 1139 5758; x_wconf 84' lang='lat' dir='ltr'><strong>sediies</strong></span> <span class='ocrx_word' id='word_1_229' title='bbox 1151 5678 1213 5758; x_wconf 86' lang='lat' dir='ltr'><strong>iac</strong></span> <span class='ocrx_word' id='word_1_230' title='bbox 1230 5679 1385 5760; x_wconf 73' lang='lat' dir='ltr'><strong>sancte</strong></span> 
     </span>
     <span class='ocr_line' id='line_1_46' title="bbox 559 5783 1184 5868; baseline 0 -2"><span class='ocrx_word' id='word_1_231' title='bbox 559 5809 650 5867; x_wconf 88' lang='lat' dir='ltr'><strong>rum</strong></span> <span class='ocrx_word' id='word_1_232' title='bbox 668 5785 825 5868; x_wconf 88' lang='lat' dir='ltr'><strong>civium.</strong></span> <span class='ocrx_word' id='word_1_233' title='bbox 845 5783 986 5865; x_wconf 75' lang='lat' dir='ltr'><strong>umen.</strong></span> <span class='ocrx_word' id='word_1_234' title='bbox 1003 5783 1184 5866; x_wconf 77' lang='lat' dir='ltr'><strong>Alleluia.</strong></span> 
     </span>
     <span class='ocr_line' id='line_1_47' title="bbox 484 5893 1387 5998; baseline 0.001 -23"><span class='ocrx_word' id='word_1_235' title='bbox 484 5941 488 5948; x_wconf 90' lang='lat'><strong>·</strong></span> <span class='ocrx_word' id='word_1_236' title='bbox 613 5897 809 5998; x_wconf 80' lang='lat' dir='ltr'><strong>Tempore</strong></span> <span class='ocrx_word' id='word_1_237' title='bbox 839 5893 1019 5974; x_wconf 90' lang='lat' dir='ltr'><strong>Pascbali</strong></span> <span class='ocrx_word' id='word_1_238' title='bbox 1063 5894 1262 5974; x_wconf 81' lang='lat' dir='ltr'><strong>emittitur</strong></span> <span class='ocrx_word' id='word_1_239' title='bbox 1290 5895 1387 5976; x_wconf 80' lang='lat' dir='ltr'><strong>(ira-</strong></span> 
     </span>
     <span class='ocr_line' id='line_1_48' title="bbox 567 5999 1386 6104; baseline 0.01 -26"><span class='ocrx_word' id='word_1_240' title='bbox 567 6003 682 6082; x_wconf 83' lang='lat' dir='ltr'><strong>‹luale</strong></span> <span class='ocrx_word' id='word_1_241' title='bbox 714 6014 749 6080; x_wconf 84' lang='lat' dir='ltr'><strong>et</strong></span> <span class='ocrx_word' id='word_1_242' title='bbox 781 6005 867 6100; x_wconf 83' lang='lat' dir='ltr'><strong>ejus</strong></span> <span class='ocrx_word' id='word_1_243' title='bbox 901 6003 989 6080; x_wconf 84' lang='lat' dir='ltr'><strong>loce</strong></span> <span class='ocrx_word' id='word_1_244' title='bbox 1011 6001 1184 6081; x_wconf 75' lang='lat' dir='ltr'><strong>dieitur:</strong></span> <span class='ocrx_word' id='word_1_245' title='bbox 1205 5999 1386 6104; x_wconf 73' lang='lat' dir='ltr'><strong>bibitis,</strong></span> 
     </span>
    </p>
   </div>
   <div class='ocr_carea' id='block_1_3' title="bbox 563 6111 1410 6216">
    <p class='ocr_par' dir='ltr' id='par_1_11' title="bbox 563 6111 1410 6216">
     <span class='ocr_line' id='line_1_49' title="bbox 563 6111 1410 6216; baseline -0.005 -17"><span class='ocrx_word' id='word_1_246' title='bbox 563 6115 735 6200; x_wconf 80' lang='lat' dir='ltr'><strong>alleluia.</strong></span> <span class='ocrx_word' id='word_1_247' title='bbox 755 6113 787 6187; x_wconf 81' lang='lat' dir='ltr'><strong>i.</strong></span> <span class='ocrx_word' id='word_1_248' title='bbox 811 6111 922 6186; x_wconf 78' lang='lat' dir='ltr'><strong>tuen</strong></span> <span class='ocrx_word' id='word_1_249' title='bbox 937 6115 999 6188; x_wconf 66' lang='lat' dir='ltr'><strong>lt.</strong></span> <span class='ocrx_word' id='word_1_250' title='bbox 1017 6111 1295 6216; x_wconf 73' lang='lat' dir='ltr'><strong>tlogncvtmnt</strong></span> <span class='ocrx_word' id='word_1_251' title='bbox 1322 6113 1370 6195; x_wconf 83' lang='lat' dir='ltr'><strong>ili</strong></span> <span class='ocrx_word' id='word_1_252' title='bbox 1395 6161 1410 6176; x_wconf 92' lang='lat'><em>-</em></span> 
     </span>
    </p>
   </div>
   <div class='ocr_carea' id='block_1_4' title="bbox 1485 958 2313 1385">
    <p class='ocr_par' dir='ltr' id='par_1_12' title="bbox 1485 958 2313 1385">
     <span class='ocr_line' id='line_1_50' title="bbox 1487 958 2313 1063; baseline 0.001 -23"><span class='ocrx_word' id='word_1_253' title='bbox 1487 960 1627 1063; x_wconf 87' lang='lat' dir='ltr'><strong>scipuli</strong></span> <span class='ocrx_word' id='word_1_254' title='bbox 1663 958 1881 1039; x_wconf 86' lang='lat' dir='ltr'><strong>Dbminum</strong></span> <span class='ocrx_word' id='word_1_255' title='bbox 1897 958 2035 1039; x_wconf 86' lang='lat' dir='ltr'><strong>lesum</strong></span> <span class='ocrx_word' id='word_1_256' title='bbox 2062 960 2106 1037; x_wconf 92' lang='lat' dir='ltr'><strong>in</strong></span> <span class='ocrx_word' id='word_1_257' title='bbox 2133 958 2313 1042; x_wconf 79' lang='lat' dir='ltr'><strong>{metibus</strong></span> 
     </span>
     <span class='ocr_line' id='line_1_51' title="bbox 1485 1056 2312 1173; baseline 0.006 -27"><span class='ocrx_word' id='word_1_258' title='bbox 1485 1070 1613 1170; x_wconf 86' lang='lat' dir='ltr'><strong>panis.</strong></span> <span class='ocrx_word' id='word_1_259' title='bbox 1634 1066 1815 1173; x_wconf 78' lang='lat' dir='ltr'><strong>Aiieiviia.</strong></span> <span class='ocrx_word' id='word_1_260' title='bbox 1837 1058 1872 1158; x_wconf 57' lang='lat' dir='ltr'><strong>iffi·</strong></span> <span class='ocrx_word' id='word_1_261' title='bbox 1892 1056 2033 1137; x_wconf 69' lang='lat' dir='ltr'><strong>lotum·</strong></span> <span class='ocrx_word' id='word_1_262' title='bbox 2052 1060 2091 1137; x_wconf 76' lang='grc' dir='ltr'><strong>ὓ.</strong></span> <span class='ocrx_word' id='word_1_263' title='bbox 2113 1066 2217 1148; x_wconf 84' lang='lat' dir='ltr'><strong>Cam</strong></span> <span class='ocrx_word' id='word_1_264' title='bbox 2234 1062 2312 1151; x_wconf 85' lang='lat' dir='ltr'><strong>mea</strong></span> 
     </span>
     <span class='ocr_line' id='line_1_52' title="bbox 1486 1174 2311 1277; baseline 0.001 -22"><span class='ocrx_word' id='word_1_265' title='bbox 1486 1199 1576 1255; x_wconf 83' lang='lat' dir='ltr'><strong>vere</strong></span> <span class='ocrx_word' id='word_1_266' title='bbox 1603 1185 1664 1255; x_wconf 87' lang='lat' dir='ltr'><strong>est</strong></span> <span class='ocrx_word' id='word_1_267' title='bbox 1694 1174 1821 1271; x_wconf 90' lang='lat' dir='ltr'><strong>cibus,</strong></span> <span class='ocrx_word' id='word_1_268' title='bbox 1843 1182 1883 1253; x_wconf 92' lang='lat' dir='ltr'><strong>et</strong></span> <span class='ocrx_word' id='word_1_269' title='bbox 1909 1174 2072 1277; x_wconf 83' lang='lat' dir='ltr'><strong>sanguis</strong></span> <span class='ocrx_word' id='word_1_270' title='bbox 2100 1198 2311 1257; x_wconf 83' lang='lat' dir='ltr'><strong>meusvere</strong></span> 
     </span>
     <span class='ocr_line' id='line_1_53' title="bbox 1486 1280 2309 1385; baseline 0.002 -24"><span class='ocrx_word' id='word_1_271' title='bbox 1486 1293 1546 1362; x_wconf 89' lang='lat' dir='ltr'><strong>est</strong></span> <span class='ocrx_word' id='word_1_272' title='bbox 1562 1292 1680 1385; x_wconf 90' lang='lat' dir='ltr'><strong>potus</strong></span> <span class='ocrx_word' id='word_1_273' title='bbox 1702 1310 1710 1359; x_wconf 93' lang='lat'><strong>:</strong></span> <span class='ocrx_word' id='word_1_274' title='bbox 1730 1282 1798 1383; x_wconf 92' lang='lat' dir='ltr'><strong>qui</strong></span> <span class='ocrx_word' id='word_1_275' title='bbox 1833 1280 2049 1361; x_wconf 79' lang='lat' dir='ltr'><strong>manducat</strong></span> <span class='ocrx_word' id='word_1_276' title='bbox 2076 1304 2209 1361; x_wconf 89' lang='lat' dir='ltr'><strong>meam</strong></span> <span class='ocrx_word' id='word_1_277' title='bbox 2235 1308 2309 1363; x_wconf 82' lang='lat' dir='ltr'><strong>car·</strong></span> 
     </span>
    </p>
   </div>
   <div class='ocr_carea' id='block_1_5' title="bbox 1485 1392 2308 1495">
    <p class='ocr_par' dir='ltr' id='par_1_13' title="bbox 1485 1392 2308 1495">
     <span class='ocr_line' id='line_1_54' title="bbox 1485 1392 2308 1495; baseline 0.007 -24"><span class='ocrx_word' id='word_1_278' title='bbox 1485 1416 1576 1471; x_wconf 87' lang='lat' dir='ltr'><strong>nem</strong></span> <span class='ocrx_word' id='word_1_279' title='bbox 1596 1402 1635 1473; x_wconf 93' lang='lat' dir='ltr'><strong>et</strong></span> <span class='ocrx_word' id='word_1_280' title='bbox 1653 1392 1754 1473; x_wconf 89' lang='lat' dir='ltr'><strong>bibit</strong></span> <span class='ocrx_word' id='word_1_281' title='bbox 1783 1414 1917 1471; x_wconf 89' lang='lat' dir='ltr'><strong>meum</strong></span> <span class='ocrx_word' id='word_1_282' title='bbox 1941 1392 2182 1495; x_wconf 77' lang='lat' dir='ltr'><strong>sunguinem</strong></span> <span class='ocrx_word' id='word_1_283' title='bbox 2197 1394 2237 1472; x_wconf 90' lang='lat' dir='ltr'><strong>in</strong></span> <span class='ocrx_word' id='word_1_284' title='bbox 2254 1418 2308 1478; x_wconf 89' lang='lat' dir='ltr'><strong>me</strong></span> 
     </span>
    </p>
   </div>
   <div class='ocr_carea' id='block_1_6' title="bbox 1462 1501 1920 1604">
    <p class='ocr_par' dir='ltr' id='par_1_14' title="bbox 1462 1501 1920 1604">
     <span class='ocr_line' id='line_1_55' title="bbox 1462 1501 1920 1604; baseline 0.013 -27"><span class='ocrx_word' id='word_1_285' title='bbox 1462 1512 1619 1581; x_wconf 86' lang='lat' dir='ltr'><strong>-manet</strong></span> <span class='ocrx_word' id='word_1_286' title='bbox 1640 1510 1680 1581; x_wconf 87' lang='lat' dir='ltr'><strong>et</strong></span> <span class='ocrx_word' id='word_1_287' title='bbox 1704 1524 1777 1604; x_wconf 77' lang='lat' dir='ltr'><strong>ego</strong></span> <span class='ocrx_word' id='word_1_288' title='bbox 1798 1501 1839 1579; x_wconf 94' lang='lat' dir='ltr'><strong>in</strong></span> <span class='ocrx_word' id='word_1_289' title='bbox 1858 1522 1920 1583; x_wconf 90' lang='lat' dir='ltr'><strong>eo.</strong></span> 
     </span>
    </p>
   </div>
   <div class='ocr_carea' id='block_1_7' title="bbox 1468 1602 2401 6192">
    <p class='ocr_par' dir='ltr' id='par_1_15' title="bbox 1493 1602 2303 1811">
     <span class='ocr_line' id='line_1_56' title="bbox 1538 1602 2303 1711; baseline 0.016 -32"><span class='ocrx_word' id='word_1_290' title='bbox 1538 1604 1764 1703; x_wconf 77' lang='lat' dir='ltr'><strong>Sequentia.</strong></span> <span class='ocrx_word' id='word_1_291' title='bbox 1791 1602 1888 1689; x_wconf 81' lang='lat' dir='ltr'><strong>liece</strong></span> <span class='ocrx_word' id='word_1_292' title='bbox 1914 1606 2030 1711; x_wconf 85' lang='lat' dir='ltr'><strong>panis</strong></span> <span class='ocrx_word' id='word_1_293' title='bbox 2057 1607 2303 1711; x_wconf 78' lang='lat' dir='ltr'><strong>Angeltimm.</strong></span> 
     </span>
     <span class='ocr_line' id='line_1_57' title="bbox 1493 1720 1685 1811; baseline 0 -26"><span class='ocrx_word' id='word_1_294' title='bbox 1493 1720 1685 1811; x_wconf 78' lang='lat' dir='ltr'><strong>utsupra.</strong></span> 
     </span>
    </p>

    <p class='ocr_par' dir='ltr' id='par_1_16' title="bbox 1488 1816 2302 2218">
     <span class='ocr_line' id='line_1_58' title="bbox 1495 1816 2302 1925; baseline 0.006 -25"><span class='ocrx_word' id='word_1_295' title='bbox 1495 1816 1703 1923; x_wconf 76' lang='lat' dir='ltr'><strong>Sequentia</strong></span> <span class='ocrx_word' id='word_1_296' title='bbox 1723 1820 1847 1901; x_wconf 89' lang='lat' dir='ltr'><strong>sancti</strong></span> <span class='ocrx_word' id='word_1_297' title='bbox 1866 1820 2076 1925; x_wconf 75' lang='lat' dir='ltr'><strong>Evangelii</strong></span> <span class='ocrx_word' id='word_1_298' title='bbox 2098 1822 2302 1905; x_wconf 82' lang='lat' dir='ltr'><strong>sectindum</strong></span> 
     </span>
     <span class='ocr_line' id='line_1_59' title="bbox 1660 1924 2094 2019; baseline 0.018 -30"><span class='ocrx_word' id='word_1_299' title='bbox 1660 1952 1665 1963; x_wconf 93' lang='lat'>·</span> <span class='ocrx_word' id='word_1_300' title='bbox 1711 1924 2094 2019; x_wconf 65' lang='lat' dir='ltr'><strong>Jofinnem,l]tlp.ii.</strong></span> 
     </span>
     <span class='ocr_line' id='line_1_60' title="bbox 1488 2032 2301 2218; baseline 0.01 -107"><span class='ocrx_word' id='word_1_301' title='bbox 1488 2052 1551 2218; x_wconf 77' lang='lat' dir='ltr'><strong>lu</strong></span> <span class='ocrx_word' id='word_1_302' title='bbox 1583 2032 1652 2114; x_wconf 90' lang='lat' dir='ltr'><strong>illo</strong></span> <span class='ocrx_word' id='word_1_303' title='bbox 1681 2032 1889 2137; x_wconf 80' lang='lat' dir='ltr'><strong>tempore:</strong></span> <span class='ocrx_word' id='word_1_304' title='bbox 1910 2034 2020 2114; x_wconf 85' lang='lat' dir='ltr'><strong>Dixit</strong></span> <span class='ocrx_word' id='word_1_305' title='bbox 2041 2034 2163 2116; x_wconf 88' lang='lat' dir='ltr'><strong>Jesus</strong></span> <span class='ocrx_word' id='word_1_306' title='bbox 2188 2036 2301 2119; x_wconf 83' lang='lat' dir='ltr'><strong>turbis</strong></span> 
     </span>
    </p>

    <p class='ocr_par' dir='ltr' id='par_1_17' title="bbox 1481 2138 2303 3401">
     <span class='ocr_line' id='line_1_61' title="bbox 1545 2138 2303 2223; baseline 0.003 -4"><span class='ocrx_word' id='word_1_307' title='bbox 1545 2140 1564 2219; x_wconf 85' lang='lat' dir='ltr'>J</span> <span class='ocrx_word' id='word_1_308' title='bbox 1571 2138 1775 2219; x_wconf 83' lang='lat' dir='ltr'><strong>udoebrum</strong></span> <span class='ocrx_word' id='word_1_309' title='bbox 1793 2168 1802 2218; x_wconf 77' lang='grc' dir='ltr'><strong>ι</strong></span> <span class='ocrx_word' id='word_1_310' title='bbox 1824 2141 1926 2221; x_wconf 84' lang='lat' dir='ltr'><strong>Caro</strong></span> <span class='ocrx_word' id='word_1_311' title='bbox 1950 2162 2040 2220; x_wconf 88' lang='lat' dir='ltr'><strong>mea</strong></span> <span class='ocrx_word' id='word_1_312' title='bbox 2072 2165 2166 2223; x_wconf 88' lang='lat' dir='ltr'><strong>vere</strong></span> <span class='ocrx_word' id='word_1_313' title='bbox 2183 2154 2239 2223; x_wconf 90' lang='lat' dir='ltr'><strong>est</strong></span> <span class='ocrx_word' id='word_1_314' title='bbox 2253 2146 2303 2223; x_wconf 86' lang='lat' dir='ltr'><strong>ei·</strong></span> 
     </span>
     <span class='ocr_line' id='line_1_62' title="bbox 1483 2244 2297 2355; baseline 0.01 -32"><span class='ocrx_word' id='word_1_315' title='bbox 1483 2244 1573 2343; x_wconf 91' lang='lat' dir='ltr'><strong>bus,</strong></span> <span class='ocrx_word' id='word_1_316' title='bbox 1595 2257 1634 2327; x_wconf 92' lang='lat' dir='ltr'><strong>et</strong></span> <span class='ocrx_word' id='word_1_317' title='bbox 1652 2248 1812 2350; x_wconf 83' lang='lat' dir='ltr'><strong>sanguis</strong></span> <span class='ocrx_word' id='word_1_318' title='bbox 1830 2270 1943 2328; x_wconf 87' lang='lat' dir='ltr'><strong>meus</strong></span> <span class='ocrx_word' id='word_1_319' title='bbox 1968 2272 2062 2329; x_wconf 79' lang='lat' dir='ltr'><strong>vere</strong></span> <span class='ocrx_word' id='word_1_320' title='bbox 2092 2260 2153 2330; x_wconf 92' lang='lat' dir='ltr'><strong>est</strong></span> <span class='ocrx_word' id='word_1_321' title='bbox 2182 2262 2297 2355; x_wconf 87' lang='lat' dir='ltr'><strong>potus.</strong></span> 
     </span>
     <span class='ocr_line' id='line_1_63' title="bbox 1484 2354 2299 2449; baseline 0.01 -19"><span class='ocrx_word' id='word_1_322' title='bbox 1484 2354 1563 2449; x_wconf 77' lang='lat' dir='ltr'><strong>Qui</strong></span> <span class='ocrx_word' id='word_1_323' title='bbox 1582 2355 1794 2435; x_wconf 80' lang='lat' dir='ltr'><strong>manducet</strong></span> <span class='ocrx_word' id='word_1_324' title='bbox 1812 2378 1943 2435; x_wconf 89' lang='lat' dir='ltr'><strong>mcum</strong></span> <span class='ocrx_word' id='word_1_325' title='bbox 1961 2378 2128 2435; x_wconf 83' lang='lat' dir='ltr'><strong>carnem</strong></span> <span class='ocrx_word' id='word_1_326' title='bbox 2155 2369 2194 2437; x_wconf 93' lang='lat' dir='ltr'><strong>et</strong></span> <span class='ocrx_word' id='word_1_327' title='bbox 2212 2358 2299 2439; x_wconf 88' lang='lat' dir='ltr'><strong>bibit</strong></span> 
     </span>
     <span class='ocr_line' id='line_1_64' title="bbox 1482 2462 2299 2565; baseline 0.012 -28"><span class='ocrx_word' id='word_1_328' title='bbox 1482 2484 1617 2540; x_wconf 89' lang='lat' dir='ltr'><strong>meum</strong></span> <span class='ocrx_word' id='word_1_329' title='bbox 1654 2462 1901 2565; x_wconf 76' lang='lat' dir='ltr'><strong>sanguinem,</strong></span> <span class='ocrx_word' id='word_1_330' title='bbox 1922 2464 1963 2541; x_wconf 90' lang='lat' dir='ltr'><strong>iu</strong></span> <span class='ocrx_word' id='word_1_331' title='bbox 1990 2487 2057 2545; x_wconf 89' lang='lat' dir='ltr'><strong>me</strong></span> <span class='ocrx_word' id='word_1_332' title='bbox 2094 2478 2238 2565; x_wconf 83' lang='lat' dir='ltr'><strong>manet,</strong></span> <span class='ocrx_word' id='word_1_333' title='bbox 2266 2480 2299 2547; x_wconf 91' lang='lat' dir='ltr'><strong>et</strong></span> 
     </span>
     <span class='ocr_line' id='line_1_65' title="bbox 1482 2569 2297 2667; baseline 0.01 -21"><span class='ocrx_word' id='word_1_334' title='bbox 1482 2590 1555 2667; x_wconf 69' lang='lat' dir='ltr'><strong>epo</strong></span> <span class='ocrx_word' id='word_1_335' title='bbox 1574 2569 1614 2645; x_wconf 94' lang='lat' dir='ltr'><strong>in</strong></span> <span class='ocrx_word' id='word_1_336' title='bbox 1636 2570 1718 2649; x_wconf 91' lang='lat' dir='ltr'><strong>iiio.</strong></span> <span class='ocrx_word' id='word_1_337' title='bbox 1743 2570 1851 2651; x_wconf 88' lang='lat' dir='ltr'><strong>Sicut</strong></span> <span class='ocrx_word' id='word_1_338' title='bbox 1870 2570 1979 2650; x_wconf 93' lang='lat' dir='ltr'><strong>misit</strong></span> <span class='ocrx_word' id='word_1_339' title='bbox 2002 2594 2070 2651; x_wconf 89' lang='lat' dir='ltr'><strong>me</strong></span> <span class='ocrx_word' id='word_1_340' title='bbox 2088 2574 2220 2653; x_wconf 85' lang='lat' dir='ltr'><strong>vivens</strong></span> <span class='ocrx_word' id='word_1_341' title='bbox 2236 2574 2297 2653; x_wconf 87' lang='lat' dir='ltr'><strong>Pa·</strong></span> 
     </span>
     <span class='ocr_line' id='line_1_66' title="bbox 1484 2677 2297 2779; baseline 0.005 -24"><span class='ocrx_word' id='word_1_342' title='bbox 1484 2685 1558 2771; x_wconf 83' lang='lat' dir='ltr'><strong>ter,</strong></span> <span class='ocrx_word' id='word_1_343' title='bbox 1588 2687 1627 2755; x_wconf 91' lang='lat' dir='ltr'><strong>ct</strong></span> <span class='ocrx_word' id='word_1_344' title='bbox 1653 2698 1725 2779; x_wconf 86' lang='lat' dir='ltr'><strong>ego</strong></span> <span class='ocrx_word' id='word_1_345' title='bbox 1752 2677 1839 2757; x_wconf 91' lang='lat' dir='ltr'><strong>vivo</strong></span> <span class='ocrx_word' id='word_1_346' title='bbox 1868 2686 2035 2779; x_wconf 79' lang='lat' dir='ltr'><strong>prepter</strong></span> <span class='ocrx_word' id='word_1_347' title='bbox 2057 2680 2243 2760; x_wconf 86' lang='lat' dir='ltr'><strong>Patrem:</strong></span> <span class='ocrx_word' id='word_1_348' title='bbox 2265 2692 2297 2761; x_wconf 90' lang='lat' dir='ltr'><strong>ct</strong></span> 
     </span>
     <span class='ocr_line' id='line_1_67' title="bbox 1484 2780 2296 2892; baseline 0.016 -35"><span class='ocrx_word' id='word_1_349' title='bbox 1484 2780 1552 2881; x_wconf 90' lang='lat' dir='ltr'><strong>qui</strong></span> <span class='ocrx_word' id='word_1_350' title='bbox 1590 2780 1802 2861; x_wconf 83' lang='lat' dir='ltr'><strong>uvavubieat</strong></span> <span class='ocrx_word' id='word_1_351' title='bbox 1821 2806 1898 2879; x_wconf 91' lang='lat' dir='ltr'><strong>me,</strong></span> <span class='ocrx_word' id='word_1_352' title='bbox 1929 2792 1968 2865; x_wconf 89' lang='lat' dir='ltr'><strong>et</strong></span> <span class='ocrx_word' id='word_1_353' title='bbox 1996 2785 2086 2888; x_wconf 82' lang='lat' dir='ltr'><strong>ipse</strong></span> <span class='ocrx_word' id='word_1_354' title='bbox 2104 2788 2203 2869; x_wconf 88' lang='lat' dir='ltr'><strong>vivet</strong></span> <span class='ocrx_word' id='word_1_355' title='bbox 2218 2814 2296 2892; x_wconf 82' lang='lat' dir='ltr'><strong>pre</strong></span> 
     </span>
     <span class='ocr_line' id='line_1_68' title="bbox 1484 2889 2295 2997; baseline 0.015 -33"><span class='ocrx_word' id='word_1_356' title='bbox 1484 2899 1572 2988; x_wconf 79' lang='lat' dir='ltr'><strong>pter</strong></span> <span class='ocrx_word' id='word_1_357' title='bbox 1601 2910 1676 2966; x_wconf 90' lang='lat' dir='ltr'><strong>me.</strong></span> <span class='ocrx_word' id='word_1_358' title='bbox 1702 2889 1775 2967; x_wconf 84' lang='lat' dir='ltr'><strong>liic</strong></span> <span class='ocrx_word' id='word_1_359' title='bbox 1796 2900 1857 2969; x_wconf 89' lang='lat' dir='ltr'><strong>est</strong></span> <span class='ocrx_word' id='word_1_360' title='bbox 1875 2890 2004 2992; x_wconf 85' lang='lat' dir='ltr'><strong>panis,</strong></span> <span class='ocrx_word' id='word_1_361' title='bbox 2028 2894 2102 2997; x_wconf 87' lang='lat' dir='ltr'><strong>qui</strong></span> <span class='ocrx_word' id='word_1_362' title='bbox 2134 2895 2184 2975; x_wconf 89' lang='lat' dir='ltr'><strong>de</strong></span> <span class='ocrx_word' id='word_1_363' title='bbox 2210 2898 2295 2977; x_wconf 71' lang='lat' dir='ltr'><strong>melo</strong></span> 
     </span>
     <span class='ocr_line' id='line_1_69' title="bbox 1483 2990 2294 3084; baseline 0.016 -13"><span class='ocrx_word' id='word_1_364' title='bbox 1483 2993 1701 3075; x_wconf 74' lang='lat' dir='ltr'><strong>deseendit.</strong></span> <span class='ocrx_word' id='word_1_365' title='bbox 1724 2990 1809 3078; x_wconf 84' lang='lat' dir='ltr'><strong>Non</strong></span> <span class='ocrx_word' id='word_1_366' title='bbox 1842 2998 1944 3079; x_wconf 90' lang='lat' dir='ltr'><strong>sicut</strong></span> <span class='ocrx_word' id='word_1_367' title='bbox 1972 3000 2294 3084; x_wconf 69' lang='lat' dir='ltr'><strong>manducaverunt</strong></span> 
     </span>
     <span class='ocr_line' id='line_1_70' title="bbox 1483 3106 2292 3201; baseline 0.011 -23"><span class='ocrx_word' id='word_1_368' title='bbox 1483 3114 1616 3201; x_wconf 85' lang='lat' dir='ltr'><strong>patres</strong></span> <span class='ocrx_word' id='word_1_369' title='bbox 1644 3106 1762 3183; x_wconf 86' lang='lat' dir='ltr'><strong>vestri</strong></span> <span class='ocrx_word' id='word_1_370' title='bbox 1792 3128 1939 3185; x_wconf 88' lang='lat' dir='ltr'><strong>manna</strong></span> <span class='ocrx_word' id='word_1_371' title='bbox 1956 3118 1996 3188; x_wconf 94' lang='lat' dir='ltr'><strong>et</strong></span> <span class='ocrx_word' id='word_1_372' title='bbox 2022 3108 2174 3191; x_wconf 83' lang='lat' dir='ltr'><strong>mbvtui</strong></span> <span class='ocrx_word' id='word_1_373' title='bbox 2202 3122 2292 3191; x_wconf 90' lang='lat' dir='ltr'><strong>suut.</strong></span> 
     </span>
     <span class='ocr_line' id='line_1_71' title="bbox 1483 3209 2291 3320; baseline 0.015 -36"><span class='ocrx_word' id='word_1_374' title='bbox 1483 3209 1561 3306; x_wconf 73' lang='lat' dir='ltr'><strong>Qui</strong></span> <span class='ocrx_word' id='word_1_375' title='bbox 1592 3212 1807 3295; x_wconf 82' lang='lat' dir='ltr'><strong>manducat</strong></span> <span class='ocrx_word' id='word_1_376' title='bbox 1833 3214 1941 3295; x_wconf 91' lang='lat' dir='ltr'><strong>bunc</strong></span> <span class='ocrx_word' id='word_1_377' title='bbox 1957 3240 2122 3320; x_wconf 87' lang='lat' dir='ltr'><strong>panem,</strong></span> <span class='ocrx_word' id='word_1_378' title='bbox 2150 3218 2243 3301; x_wconf 84' lang='lat' dir='ltr'><strong>vivet</strong></span> <span class='ocrx_word' id='word_1_379' title='bbox 2259 3220 2291 3297; x_wconf 92' lang='lat' dir='ltr'><strong>iu</strong></span> 
     </span>
     <span class='ocr_line' id='line_1_72' title="bbox 1481 3314 1854 3401; baseline 0.016 -6"><span class='ocrx_word' id='word_1_380' title='bbox 1481 3316 1686 3397; x_wconf 76' lang='lat' dir='ltr'><strong>aternum.</strong></span> <span class='ocrx_word' id='word_1_381' title='bbox 1713 3314 1854 3401; x_wconf 81' lang='lat' dir='ltr'><strong>Crede.</strong></span> 
     </span>
    </p>

    <p class='ocr_par' dir='ltr' id='par_1_18' title="bbox 1479 3418 2290 3930">
     <span class='ocr_line' id='line_1_73' title="bbox 1537 3418 2290 3513; baseline 0.007 -16"><span class='ocrx_word' id='word_1_382' title='bbox 1537 3418 1809 3501; x_wconf 82' lang='lat' dir='ltr'><strong>Oil&#39;eviovium.</strong></span> <span class='ocrx_word' id='word_1_383' title='bbox 1833 3420 1953 3501; x_wconf 79' lang='lat' dir='ltr'><strong>levit.</strong></span> <span class='ocrx_word' id='word_1_384' title='bbox 1982 3424 2044 3499; x_wconf 61' lang='lat' dir='ltr'><strong>Cli.</strong></span> <span class='ocrx_word' id='word_1_385' title='bbox 2079 3422 2290 3513; x_wconf 58' lang='lat' dir='ltr'><strong>&amp;cordulae</strong></span> 
     </span>
     <span class='ocr_line' id='line_1_74' title="bbox 1481 3530 2289 3646; baseline 0.015 -36"><span class='ocrx_word' id='word_1_386' title='bbox 1481 3530 1657 3632; x_wconf 73' lang='lat' dir='ltr'><strong>Delmini,</strong></span> <span class='ocrx_word' id='word_1_387' title='bbox 1691 3532 1899 3618; x_wconf 75' lang='lat' dir='ltr'><strong>incensum</strong></span> <span class='ocrx_word' id='word_1_388' title='bbox 1931 3544 1970 3620; x_wconf 89' lang='lat' dir='ltr'><strong>et</strong></span> <span class='ocrx_word' id='word_1_389' title='bbox 1987 3562 2116 3646; x_wconf 88' lang='lat' dir='ltr'><strong>panes</strong></span> <span class='ocrx_word' id='word_1_390' title='bbox 2139 3540 2289 3622; x_wconf 73' lang='lat' dir='ltr'><strong>tinemut</strong></span> 
     </span>
     <span class='ocr_line' id='line_1_75' title="bbox 1481 3639 2286 3746; baseline 0.011 -28"><span class='ocrx_word' id='word_1_391' title='bbox 1481 3639 1565 3720; x_wconf 83' lang='lat' dir='ltr'><strong>ileo</strong></span> <span class='ocrx_word' id='word_1_392' title='bbox 1584 3669 1593 3718; x_wconf 75' lang='grc' dir='ltr'>ε</span> <span class='ocrx_word' id='word_1_393' title='bbox 1614 3652 1653 3722; x_wconf 90' lang='lat' dir='ltr'><strong>et</strong></span> <span class='ocrx_word' id='word_1_394' title='bbox 1682 3642 1773 3724; x_wconf 91' lang='lat' dir='ltr'><strong>ideo</strong></span> <span class='ocrx_word' id='word_1_395' title='bbox 1792 3645 1917 3726; x_wconf 88' lang='lat' dir='ltr'><strong>saneti</strong></span> <span class='ocrx_word' id='word_1_396' title='bbox 1953 3657 2074 3728; x_wconf 83' lang='lat' dir='ltr'><strong>eruut</strong></span> <span class='ocrx_word' id='word_1_397' title='bbox 2103 3646 2187 3730; x_wconf 85' lang='lat' dir='ltr'><strong>Dee</strong></span> <span class='ocrx_word' id='word_1_398' title='bbox 2213 3673 2286 3746; x_wconf 80' lang='lat' dir='ltr'><strong>suo,</strong></span> 
     </span>
     <span class='ocr_line' id='line_1_76' title="bbox 1479 3748 2263 3930; baseline 0.013 -106"><span class='ocrx_word' id='word_1_399' title='bbox 1479 3755 1518 3826; x_wconf 94' lang='lat' dir='ltr'><strong>et</strong></span> <span class='ocrx_word' id='word_1_400' title='bbox 1531 3771 1612 3826; x_wconf 92' lang='lat' dir='ltr'><strong>non</strong></span> <span class='ocrx_word' id='word_1_401' title='bbox 1631 3748 1973 3930; x_wconf 74' lang='lat' dir='ltr'><strong>pbiiuentpomen</strong></span> <span class='ocrx_word' id='word_1_402' title='bbox 1990 3759 2092 3859; x_wconf 88' lang='lat' dir='ltr'><strong>ejus,</strong></span> <span class='ocrx_word' id='word_1_403' title='bbox 2108 3757 2263 3837; x_wconf 81' lang='lat' dir='ltr'><strong>alleluiis.</strong></span> 
     </span>
    </p>

    <p class='ocr_par' dir='ltr' id='par_1_19' title="bbox 1474 3851 2283 4582">
     <span class='ocr_line' id='line_1_77' title="bbox 1813 3851 1985 3934; baseline 0.041 -7"><span class='ocrx_word' id='word_1_404' title='bbox 1813 3851 1985 3934; x_wconf 65' lang='lat' dir='ltr'><strong>Cmmm.</strong></span> 
     </span>
     <span class='ocr_line' id='line_1_78' title="bbox 1481 3973 2281 4152; baseline 0.018 -114"><span class='ocrx_word' id='word_1_405' title='bbox 1481 3979 1695 4152; x_wconf 70' lang='lat' dir='ltr'><strong>Ecclesia.</strong></span> <span class='ocrx_word' id='word_1_406' title='bbox 1729 3975 1820 4064; x_wconf 84' lang='lat' dir='ltr'><strong>tum,</strong></span> <span class='ocrx_word' id='word_1_407' title='bbox 1857 3989 2089 4070; x_wconf 79' lang='lat' dir='ltr'><strong>quaesumus</strong></span> <span class='ocrx_word' id='word_1_408' title='bbox 2118 3973 2281 4068; x_wconf 81' lang='lat' dir='ltr'><strong>Dimiue,</strong></span> 
     </span>
     <span class='ocr_line' id='line_1_79' title="bbox 1582 4073 2283 4181; baseline 0.011 -33"><span class='ocrx_word' id='word_1_409' title='bbox 1582 4073 1745 4152; x_wconf 78' lang='lat' dir='ltr'><strong>unitatis</strong></span> <span class='ocrx_word' id='word_1_410' title='bbox 1775 4083 1815 4154; x_wconf 90' lang='lat' dir='ltr'><strong>et</strong></span> <span class='ocrx_word' id='word_1_411' title='bbox 1848 4077 1954 4178; x_wconf 86' lang='lat' dir='ltr'><strong>pacis</strong></span> <span class='ocrx_word' id='word_1_412' title='bbox 1981 4079 2178 4181; x_wconf 82' lang='lat' dir='ltr'><strong>propitius</strong></span> <span class='ocrx_word' id='word_1_413' title='bbox 2194 4079 2283 4160; x_wconf 86' lang='lat' dir='ltr'><strong>dom</strong></span> 
     </span>
     <span class='ocr_line' id='line_1_80' title="bbox 1477 4177 2282 4281; baseline 0.016 -28"><span class='ocrx_word' id='word_1_414' title='bbox 1477 4177 1651 4256; x_wconf 74' lang='lat' dir='ltr'><strong>concede</strong></span> <span class='ocrx_word' id='word_1_415' title='bbox 1670 4207 1678 4256; x_wconf 93' lang='lat'>:</span> <span class='ocrx_word' id='word_1_416' title='bbox 1707 4204 1796 4281; x_wconf 82' lang='lat' dir='ltr'><strong>qum</strong></span> <span class='ocrx_word' id='word_1_417' title='bbox 1814 4183 1890 4262; x_wconf 91' lang='lat' dir='ltr'><strong>sub</strong></span> <span class='ocrx_word' id='word_1_418' title='bbox 1907 4183 2052 4266; x_wconf 81' lang='lat' dir='ltr'><strong>oblatis</strong></span> <span class='ocrx_word' id='word_1_419' title='bbox 2072 4187 2282 4266; x_wconf 79' lang='lat' dir='ltr'><strong>muneribus</strong></span> 
     </span>
     <span class='ocr_line' id='line_1_81' title="bbox 1477 4285 2260 4390; baseline 0.019 -31"><span class='ocrx_word' id='word_1_420' title='bbox 1477 4285 1640 4385; x_wconf 79' lang='lat' dir='ltr'><strong>mystice</strong></span> <span class='ocrx_word' id='word_1_421' title='bbox 1661 4285 1932 4390; x_wconf 78' lang='lat' dir='ltr'><strong>designantur.</strong></span> <span class='ocrx_word' id='word_1_422' title='bbox 1950 4293 2027 4372; x_wconf 85' lang='lat' dir='ltr'><strong>Per</strong></span> <span class='ocrx_word' id='word_1_423' title='bbox 2043 4294 2260 4374; x_wconf 75' lang='lat' dir='ltr'><strong>Diminum.</strong></span> 
     </span>
     <span class='ocr_line' id='line_1_82' title="bbox 1532 4385 2278 4508; baseline 0.024 -46"><span class='ocrx_word' id='word_1_424' title='bbox 1532 4385 1710 4464; x_wconf 74' lang='lat' dir='ltr'><strong>i‘vmiatie</strong></span> <span class='ocrx_word' id='word_1_425' title='bbox 1728 4389 1776 4466; x_wconf 89' lang='lat' dir='ltr'><strong>de</strong></span> <span class='ocrx_word' id='word_1_426' title='bbox 1797 4388 2018 4494; x_wconf 69' lang='lat' dir='ltr'><strong>Nativitatc.</strong></span> <span class='ocrx_word' id='word_1_427' title='bbox 2033 4393 2137 4490; x_wconf 77' lang='lat' dir='ltr'><strong>Quia</strong></span> <span class='ocrx_word' id='word_1_428' title='bbox 2152 4427 2215 4508; x_wconf 82' lang='lat' dir='ltr'><strong>pel·</strong></span> <span class='ocrx_word' id='word_1_429' title='bbox 2229 4403 2278 4480; x_wconf 93' lang='lat' dir='ltr'><strong>iu·</strong></span> 
     </span>
     <span class='ocr_line' id='line_1_83' title="bbox 1474 4497 1777 4582; baseline 0.017 -6"><span class='ocrx_word' id='word_1_430' title='bbox 1474 4497 1624 4578; x_wconf 84' lang='lat' dir='ltr'><strong>cavutti</strong></span> <span class='ocrx_word' id='word_1_431' title='bbox 1646 4501 1777 4582; x_wconf 80' lang='lat' dir='ltr'><strong>Verbi.</strong></span> 
     </span>
    </p>

    <p class='ocr_par' dir='ltr' id='par_1_20' title="bbox 1468 4601 2401 5436">
     <span class='ocr_line' id='line_1_84' title="bbox 1527 4601 2401 4704; baseline 0.022 -29"><span class='ocrx_word' id='word_1_432' title='bbox 1527 4601 1779 4682; x_wconf 82' lang='lat' dir='ltr'><strong>(iemmuuio.</strong></span> <span class='ocrx_word' id='word_1_433' title='bbox 1813 4609 1846 4682; x_wconf 90' lang='lat' dir='ltr'><strong>i.</strong></span> <span class='ocrx_word' id='word_1_434' title='bbox 1886 4605 1977 4685; x_wconf 85' lang='lat' dir='ltr'><strong>Cor.</strong></span> <span class='ocrx_word' id='word_1_435' title='bbox 2015 4613 2073 4686; x_wconf 92' lang='lat' dir='ltr'><strong>li.</strong></span> <span class='ocrx_word' id='word_1_436' title='bbox 2117 4615 2277 4704; x_wconf 71' lang='lat' dir='ltr'><strong>Quoties·</strong></span> <span class='ocrx_word' id='word_1_437' title='bbox 2400 4663 2401 4666; x_wconf 18' lang='grc' dir='ltr'><strong><em>κ</em></strong></span> 
     </span>
     <span class='ocr_line' id='line_1_85' title="bbox 1472 4707 2401 4825; baseline 0.013 -36"><span class='ocrx_word' id='word_1_438' title='bbox 1472 4709 1644 4814; x_wconf 84' lang='lat' dir='ltr'><strong>cvimque</strong></span> <span class='ocrx_word' id='word_1_439' title='bbox 1657 4717 1950 4803; x_wconf 85' lang='lat' dir='ltr'><strong>manducibitis</strong></span> <span class='ocrx_word' id='word_1_440' title='bbox 1964 4746 2108 4825; x_wconf 89' lang='lat' dir='ltr'><strong>panem</strong></span> <span class='ocrx_word' id='word_1_441' title='bbox 2134 4725 2229 4804; x_wconf 89' lang='lat' dir='ltr'><strong>bunc</strong></span> <span class='ocrx_word' id='word_1_442' title='bbox 2243 4729 2275 4800; x_wconf 90' lang='lat' dir='ltr'><strong>ct</strong></span> <span class='ocrx_word' id='word_1_443' title='bbox 2400 4707 2401 4780; x_wconf 64' lang='grc' dir='ltr'><strong>ἶ</strong></span> 
     </span>
     <span class='ocr_line' id='line_1_86' title="bbox 1472 4818 2275 4924; baseline 0.015 -30"><span class='ocrx_word' id='word_1_444' title='bbox 1472 4818 1633 4898; x_wconf 81' lang='lat' dir='ltr'><strong>cilicem</strong></span> <span class='ocrx_word' id='word_1_445' title='bbox 1662 4821 1821 4924; x_wconf 70' lang='lat' dir='ltr'><strong>bibetis</strong></span> <span class='ocrx_word' id='word_1_446' title='bbox 1842 4839 2012 4909; x_wconf 77' lang='lat' dir='ltr'><strong>mortem</strong></span> <span class='ocrx_word' id='word_1_447' title='bbox 2036 4831 2190 4913; x_wconf 80' lang='lat' dir='ltr'><strong>Demini</strong></span> <span class='ocrx_word' id='word_1_448' title='bbox 2212 4851 2275 4906; x_wconf 88' lang='lat' dir='ltr'><strong>an-</strong></span> 
     </span>
     <span class='ocr_line' id='line_1_87' title="bbox 1472 4927 2270 5042; baseline 0.018 -42"><span class='ocrx_word' id='word_1_449' title='bbox 1472 4927 1704 5008; x_wconf 78' lang='lat' dir='ltr'><strong>nuntiabitis</strong></span> <span class='ocrx_word' id='word_1_450' title='bbox 1722 4930 1850 5012; x_wconf 87' lang='lat' dir='ltr'><strong>donec</strong></span> <span class='ocrx_word' id='word_1_451' title='bbox 1871 4935 2023 5017; x_wconf 77' lang='lat' dir='ltr'><strong>veniat:</strong></span> <span class='ocrx_word' id='word_1_452' title='bbox 2044 4941 2172 5042; x_wconf 89' lang='lat' dir='ltr'><strong>itaque</strong></span> <span class='ocrx_word' id='word_1_453' title='bbox 2198 4935 2270 5038; x_wconf 89' lang='lat' dir='ltr'><strong>qui·</strong></span> 
     </span>
     <span class='ocr_line' id='line_1_88' title="bbox 1470 5032 2271 5148; baseline 0.02 -41"><span class='ocrx_word' id='word_1_454' title='bbox 1470 5032 1641 5135; x_wconf 83' lang='lat' dir='ltr'><strong>evimque</strong></span> <span class='ocrx_word' id='word_1_455' title='bbox 1684 5037 1981 5123; x_wconf 79' lang='lat' dir='ltr'><strong>manducivcrit</strong></span> <span class='ocrx_word' id='word_1_456' title='bbox 2031 5069 2184 5148; x_wconf 87' lang='lat' dir='ltr'><strong>panem,</strong></span> <span class='ocrx_word' id='word_1_457' title='bbox 2222 5039 2271 5122; x_wconf 88' lang='lat' dir='ltr'><strong>vel</strong></span> 
     </span>
     <span class='ocr_line' id='line_1_89' title="bbox 1469 5135 2270 5257; baseline 0.014 -44"><span class='ocrx_word' id='word_1_458' title='bbox 1469 5135 1613 5220; x_wconf 88' lang='lat' dir='ltr'><strong>biberit</strong></span> <span class='ocrx_word' id='word_1_459' title='bbox 1631 5141 1793 5224; x_wconf 81' lang='lat' dir='ltr'><strong>cilicem</strong></span> <span class='ocrx_word' id='word_1_460' title='bbox 1824 5147 1982 5228; x_wconf 81' lang='lat' dir='ltr'><strong>libmini</strong></span> <span class='ocrx_word' id='word_1_461' title='bbox 2010 5154 2175 5257; x_wconf 83' lang='lat' dir='ltr'><strong>indigne,</strong></span> <span class='ocrx_word' id='word_1_462' title='bbox 2194 5171 2270 5230; x_wconf 84' lang='lat' dir='ltr'><strong>reus</strong></span> 
     </span>
     <span class='ocr_line' id='line_1_90' title="bbox 1468 5247 2269 5431; baseline 0.019 -111"><span class='ocrx_word' id='word_1_463' title='bbox 1468 5247 1558 5431; x_wconf 62' lang='lat' dir='ltr'><strong>pulit</strong></span> <span class='ocrx_word' id='word_1_464' title='bbox 1571 5247 1751 5352; x_wconf 83' lang='lat' dir='ltr'><strong>cbvporis</strong></span> <span class='ocrx_word' id='word_1_465' title='bbox 1770 5261 1808 5333; x_wconf 90' lang='lat' dir='ltr'><strong>et</strong></span> <span class='ocrx_word' id='word_1_466' title='bbox 1823 5257 2027 5359; x_wconf 78' lang='lat' dir='ltr'><strong>sauguinis</strong></span> <span class='ocrx_word' id='word_1_467' title='bbox 2041 5257 2206 5356; x_wconf 79' lang='lat' dir='ltr'><strong>Demiui,</strong></span> <span class='ocrx_word' id='word_1_468' title='bbox 2220 5251 2269 5334; x_wconf 90' lang='lat' dir='ltr'><strong>al·</strong></span> 
     </span>
     <span class='ocr_line' id='line_1_91' title="bbox 1482 5375 1599 5436; baseline 0.034 -4"><span class='ocrx_word' id='word_1_469' title='bbox 1482 5375 1599 5436; x_wconf 82' lang='lat' dir='ltr'><strong>euva.</strong></span> 
     </span>
    </p>

    <p class='ocr_par' dir='ltr' id='par_1_21' title="bbox 1719 5465 2057 5550">
     <span class='ocr_line' id='line_1_92' title="bbox 1719 5465 2057 5550; baseline 0.018 -8"><span class='ocrx_word' id='word_1_470' title='bbox 1719 5465 2057 5550; x_wconf 76' lang='lat' dir='ltr'><strong>l‘osteommunio.</strong></span> 
     </span>
    </p>

    <p class='ocr_par' dir='ltr' id='par_1_22' title="bbox 1472 5571 2264 6192">
     <span class='ocr_line' id='line_1_93' title="bbox 1539 5571 2264 5676; baseline 0.006 -30"><span class='ocrx_word' id='word_1_471' title='bbox 1539 5591 1580 5647; x_wconf 79' lang='lat' dir='ltr'><strong>uc</strong></span> <span class='ocrx_word' id='word_1_472' title='bbox 1597 5592 1682 5667; x_wconf 88' lang='lat' dir='ltr'><strong>nos,</strong></span> <span class='ocrx_word' id='word_1_473' title='bbox 1700 5595 1929 5674; x_wconf 76' lang='lat' dir='ltr'><strong>quesumus</strong></span> <span class='ocrx_word' id='word_1_474' title='bbox 1954 5579 2133 5676; x_wconf 85' lang='lat' dir='ltr'><strong>Dbmiue,</strong></span> <span class='ocrx_word' id='word_1_475' title='bbox 2147 5571 2264 5656; x_wconf 86' lang='lat' dir='ltr'><strong>diviui-</strong></span> 
     </span>
     <span class='ocr_line' id='line_1_94' title="bbox 1474 5593 2262 5788; baseline 0.004 -32"><span class='ocrx_word' id='word_1_476' title='bbox 1474 5593 1535 5772; x_wconf 67' lang='grc' dir='ltr'>Ρ</span> <span class='ocrx_word' id='word_1_477' title='bbox 1574 5679 1665 5758; x_wconf 81' lang='lat' dir='ltr'><strong>titis</strong></span> <span class='ocrx_word' id='word_1_478' title='bbox 1708 5689 1786 5759; x_wconf 78' lang='lat' dir='ltr'><strong>tum</strong></span> <span class='ocrx_word' id='word_1_479' title='bbox 1835 5685 2075 5788; x_wconf 68' lang='lat' dir='ltr'><strong>sempiterna</strong></span> <span class='ocrx_word' id='word_1_480' title='bbox 2104 5681 2262 5766; x_wconf 78' lang='lat' dir='ltr'><strong>imilliae</strong></span> 
     </span>
     <span class='ocr_line' id='line_1_95' title="bbox 1472 5787 2263 5900; baseline 0.003 -36"><span class='ocrx_word' id='word_1_481' title='bbox 1472 5787 1642 5889; x_wconf 78' lang='lat' dir='ltr'><strong>repleri,</strong></span> <span class='ocrx_word' id='word_1_482' title='bbox 1678 5809 1798 5890; x_wconf 91' lang='lat' dir='ltr'><strong>quam</strong></span> <span class='ocrx_word' id='word_1_483' title='bbox 1836 5795 1999 5894; x_wconf 81' lang='lat' dir='ltr'><strong>pretibsi</strong></span> <span class='ocrx_word' id='word_1_484' title='bbox 2034 5793 2206 5900; x_wconf 83' lang='lat' dir='ltr'><strong>Cbrporis</strong></span> <span class='ocrx_word' id='word_1_485' title='bbox 2231 5799 2263 5866; x_wconf 85' lang='lat' dir='ltr'><strong>et</strong></span> 
     </span>
     <span class='ocr_line' id='line_1_96' title="bbox 1473 5895 2261 6008; baseline 0.009 -32"><span class='ocrx_word' id='word_1_486' title='bbox 1473 5895 1683 5996; x_wconf 71' lang='lat' dir='ltr'><strong>Singuiuis</strong></span> <span class='ocrx_word' id='word_1_487' title='bbox 1728 5897 1785 5976; x_wconf 90' lang='lat' dir='ltr'><strong>tui</strong></span> <span class='ocrx_word' id='word_1_488' title='bbox 1826 5903 2056 6004; x_wconf 79' lang='lat' dir='ltr'><strong>tempovblis</strong></span> <span class='ocrx_word' id='word_1_489' title='bbox 2090 5895 2261 6008; x_wconf 63' lang='lat' dir='ltr'><strong>perceptio</strong></span> 
     </span>
     <span class='ocr_line' id='line_1_97' title="bbox 1472 6002 2259 6190; baseline 0.01 -111"><span class='ocrx_word' id='word_1_490' title='bbox 1472 6002 1698 6190; x_wconf 74' lang='lat' dir='ltr'><strong>praeiipvimt</strong></span> <span class='ocrx_word' id='word_1_491' title='bbox 1718 6005 1822 6103; x_wconf 80' lang='lat' dir='ltr'><strong>:Qui</strong></span> <span class='ocrx_word' id='word_1_492' title='bbox 1840 6008 1936 6090; x_wconf 91' lang='lat' dir='ltr'><strong>vivis</strong></span> <span class='ocrx_word' id='word_1_493' title='bbox 1954 6019 1992 6092; x_wconf 90' lang='lat' dir='ltr'><strong>et</strong></span> <span class='ocrx_word' id='word_1_494' title='bbox 2026 6031 2158 6116; x_wconf 74' lang='lat' dir='ltr'><strong>regnas</strong></span> <span class='ocrx_word' id='word_1_495' title='bbox 2187 6021 2259 6086; x_wconf 82' lang='lat' dir='ltr'><strong>cum</strong></span> 
     </span>
     <span class='ocr_line' id='line_1_98' title="bbox 1494 6116 1705 6192; baseline 0 0"><span class='ocrx_word' id='word_1_496' title='bbox 1494 6116 1558 6192; x_wconf 85' lang='lat' dir='ltr'><strong>leo</strong></span> <span class='ocrx_word' id='word_1_497' title='bbox 1594 6116 1705 6192; x_wconf 80' lang='lat' dir='ltr'><strong>’aive</strong></span> 
     </span>
    </p>
   </div>
   <div class='ocr_carea' id='block_1_8' title="bbox 0 0 2668 7200">
    <p class='ocr_par' dir='ltr' id='par_1_23' title="bbox 0 0 2668 7200">
     <span class='ocr_line' id='line_1_99' title="bbox 0 0 2668 7200; baseline 0 5"><span class='ocrx_word' id='word_1_498' title='bbox 0 0 2668 7200; x_wconf 95' lang='lat' dir='ltr'><strong> </strong></span> 
     </span>
    </p>
   </div>
  </div>
 </body>
</html>
