<?xml version="1.0" encoding="UTF-8"?>
<!DOCTYPE html PUBLIC "-//W3C//DTD XHTML 1.0 Transitional//EN"
    "http://www.w3.org/TR/xhtml1/DTD/xhtml1-transitional.dtd">
<html xmlns="http://www.w3.org/1999/xhtml" xml:lang="en" lang="en">
 <head>
  <title>
</title>
<meta http-equiv="Content-Type" content="text/html;charset=utf-8" />
  <meta name='ocr-system' content='tesseract 3.04.00' />
  <meta name='ocr-capabilities' content='ocr_page ocr_carea ocr_par ocr_line ocrx_word'/>
</head>
<body>
  <div class='ocr_page' id='page_1' title='image "./officiapropriad00churgoog_0559.png"; bbox 0 0 5325 7200; ppageno 0'>
   <div class='ocr_carea' id='block_1_1' title="bbox 988 780 2144 876">
    <p class='ocr_par' dir='ltr' id='par_1_1' title="bbox 988 780 2144 876">
     <span class='ocr_line' id='line_1_1' title="bbox 988 780 2144 876; baseline 0.006 -21"><span class='ocrx_word' id='word_1_1' title='bbox 988 782 1056 855; x_wconf 79' lang='lat' dir='ltr'>llio</span> <span class='ocrx_word' id='word_1_2' title='bbox 1077 781 1138 875; x_wconf 72' lang='lat' dir='ltr'>vij.</span> <span class='ocrx_word' id='word_1_3' title='bbox 1159 780 1207 855; x_wconf 82' lang='lat' dir='ltr'>ix.</span> <span class='ocrx_word' id='word_1_4' title='bbox 1228 784 1275 876; x_wconf 85' lang='lat' dir='ltr'>xj.</span> <span class='ocrx_word' id='word_1_5' title='bbox 1297 780 1364 872; x_wconf 76' lang='lat' dir='ltr'>xij.</span> <span class='ocrx_word' id='word_1_6' title='bbox 1391 781 1601 859; x_wconf 66' lang='lat' dir='ltr'>lulianam.</span> <span class='ocrx_word' id='word_1_7' title='bbox 2123 792 2144 862; x_wconf 92' lang='lat' dir='ltr'>&#39;i</span> 
     </span>
    </p>
   </div>
   <div class='ocr_carea' id='block_1_2' title="bbox 747 948 897 1026">
    <p class='ocr_par' dir='ltr' id='par_1_2' title="bbox 747 948 897 1026">
     <span class='ocr_line' id='line_1_2' title="bbox 747 948 897 1026; baseline -0.047 0"><span class='ocrx_word' id='word_1_8' title='bbox 747 948 897 1026; x_wconf 81' lang='lat' dir='ltr'>Orallo.</span> 
     </span>
    </p>
   </div>
   <div class='ocr_carea' id='block_1_3' title="bbox 1673 954 1826 1032">
    <p class='ocr_par' dir='ltr' id='par_1_3' title="bbox 1673 954 1826 1032">
     <span class='ocr_line' id='line_1_3' title="bbox 1673 954 1826 1032; baseline -0.007 -3"><span class='ocrx_word' id='word_1_9' title='bbox 1673 954 1826 1032; x_wconf 77' lang='lat' dir='ltr'>Oratio.</span> 
     </span>
    </p>
   </div>
   <div class='ocr_carea' id='block_1_4' title="bbox 496 1018 2153 1165">
    <p class='ocr_par' dir='ltr' id='par_1_4' title="bbox 496 1018 2153 1165">
     <span class='ocr_line' id='line_1_4' title="bbox 496 1018 2153 1165; baseline 0.005 -31"><span class='ocrx_word' id='word_1_10' title='bbox 496 1054 1238 1157; x_wconf 72' lang='lat' dir='ltr'>irroranssempiterneDeusincujus</span> <span class='ocrx_word' id='word_1_11' title='bbox 1276 1018 1281 1128; x_wconf 70' lang='lat' dir='ltr'>l</span> <span class='ocrx_word' id='word_1_12' title='bbox 1390 1078 1588 1135; x_wconf 85' lang='lat' dir='ltr'>unrrorans</span> <span class='ocrx_word' id='word_1_13' title='bbox 1626 1060 1866 1161; x_wconf 76' lang='lat' dir='ltr'>sempiterno</span> <span class='ocrx_word' id='word_1_14' title='bbox 1907 1062 2042 1158; x_wconf 84' lang='lat' dir='ltr'>Deus,</span> <span class='ocrx_word' id='word_1_15' title='bbox 2084 1068 2153 1165; x_wconf 90' lang='lat' dir='ltr'>qui</span> 
     </span>
    </p>
   </div>
   <div class='ocr_carea' id='block_1_5' title="bbox 488 1162 1240 1267">
    <p class='ocr_par' dir='ltr' id='par_1_5' title="bbox 488 1162 1240 1267">
     <span class='ocr_line' id='line_1_5' title="bbox 488 1162 1240 1267; baseline -0.001 -24"><span class='ocrx_word' id='word_1_16' title='bbox 488 1166 654 1245; x_wconf 90' lang='lat' dir='ltr'>nomine</span> <span class='ocrx_word' id='word_1_17' title='bbox 685 1164 861 1267; x_wconf 82' lang='lat' dir='ltr'>gloriosa</span> <span class='ocrx_word' id='word_1_18' title='bbox 887 1162 1007 1265; x_wconf 79' lang='lat' dir='ltr'>Virgo</span> <span class='ocrx_word' id='word_1_19' title='bbox 1025 1174 1064 1243; x_wconf 84' lang='lat' dir='ltr'>ei</span> <span class='ocrx_word' id='word_1_20' title='bbox 1089 1166 1240 1267; x_wconf 79' lang='lat' dir='ltr'>lianyr</span> 
     </span>
    </p>
   </div>
   <div class='ocr_carea' id='block_1_6' title="bbox 408 1272 1242 2327">
    <p class='ocr_par' dir='ltr' id='par_1_6' title="bbox 408 1272 1240 1893">
     <span class='ocr_line' id='line_1_6' title="bbox 408 1272 1239 1377; baseline -0.004 -26"><span class='ocrx_word' id='word_1_21' title='bbox 408 1273 613 1354; x_wconf 81' lang='lat' dir='ltr'>Doroibea</span> <span class='ocrx_word' id='word_1_22' title='bbox 648 1272 866 1353; x_wconf 86' lang='lat' dir='ltr'>mullorum</span> <span class='ocrx_word' id='word_1_23' title='bbox 899 1273 1042 1377; x_wconf 82' lang='lat' dir='ltr'>gonera</span> <span class='ocrx_word' id='word_1_24' title='bbox 1065 1279 1239 1352; x_wconf 76' lang='lat' dir='ltr'>tormen-</span> 
     </span>
     <span class='ocr_line' id='line_1_7' title="bbox 410 1381 1239 1485; baseline 0 -26"><span class='ocrx_word' id='word_1_25' title='bbox 410 1383 544 1461; x_wconf 76' lang='lat' dir='ltr'>torum</span> <span class='ocrx_word' id='word_1_26' title='bbox 563 1381 764 1483; x_wconf 81' lang='lat' dir='ltr'>superovil</span> <span class='ocrx_word' id='word_1_27' title='bbox 780 1412 788 1461; x_wconf 93' lang='lat'>:</span> <span class='ocrx_word' id='word_1_28' title='bbox 802 1390 840 1461; x_wconf 82' lang='lat' dir='ltr'>le</span> <span class='ocrx_word' id='word_1_29' title='bbox 854 1381 1091 1485; x_wconf 80' lang='lat' dir='ltr'>suppliciter</span> <span class='ocrx_word' id='word_1_30' title='bbox 1104 1381 1239 1461; x_wconf 83' lang='lat' dir='ltr'>exoro-</span> 
     </span>
     <span class='ocr_line' id='line_1_8' title="bbox 413 1489 1239 1591; baseline 0.004 -25"><span class='ocrx_word' id='word_1_31' title='bbox 413 1512 501 1567; x_wconf 91' lang='lat' dir='ltr'>mus</span> <span class='ocrx_word' id='word_1_32' title='bbox 516 1519 526 1582; x_wconf 92' lang='lat'>;</span> <span class='ocrx_word' id='word_1_33' title='bbox 554 1498 609 1585; x_wconf 82' lang='lat' dir='ltr'>ul,</span> <span class='ocrx_word' id='word_1_34' title='bbox 638 1494 722 1589; x_wconf 88' lang='lat' dir='ltr'>ejus</span> <span class='ocrx_word' id='word_1_35' title='bbox 755 1489 993 1585; x_wconf 74' lang='lat' dir='ltr'>interventu,</span> <span class='ocrx_word' id='word_1_36' title='bbox 1012 1500 1239 1591; x_wconf 82' lang='lat' dir='ltr'>cunclape·</span> 
     </span>
     <span class='ocr_line' id='line_1_9' title="bbox 411 1597 1240 1699; baseline 0 -24"><span class='ocrx_word' id='word_1_37' title='bbox 411 1598 779 1687; x_wconf 72' lang='lat' dir='ltr'>declamabimus,</span> <span class='ocrx_word' id='word_1_38' title='bbox 798 1597 1007 1699; x_wconf 84' lang='lat' dir='ltr'>ipsomque</span> <span class='ocrx_word' id='word_1_39' title='bbox 1024 1597 1066 1675; x_wconf 92' lang='lat' dir='ltr'>in</span> <span class='ocrx_word' id='word_1_40' title='bbox 1093 1598 1240 1677; x_wconf 85' lang='lat' dir='ltr'>noslris</span> 
     </span>
     <span class='ocr_line' id='line_1_10' title="bbox 413 1703 1240 1805; baseline 0.001 -23"><span class='ocrx_word' id='word_1_41' title='bbox 413 1704 897 1784; x_wconf 83' lang='lat' dir='ltr'>necessilolibuscolerem</span> <span class='ocrx_word' id='word_1_42' title='bbox 912 1703 1147 1805; x_wconf 80' lang='lat' dir='ltr'>adjutricem</span> <span class='ocrx_word' id='word_1_43' title='bbox 1159 1728 1240 1785; x_wconf 92' lang='lat' dir='ltr'>sen·</span> 
     </span>
     <span class='ocr_line' id='line_1_11' title="bbox 413 1812 918 1893; baseline 0 -4"><span class='ocrx_word' id='word_1_44' title='bbox 413 1812 573 1890; x_wconf 83' lang='lat' dir='ltr'>liomus.</span> <span class='ocrx_word' id='word_1_45' title='bbox 597 1812 671 1890; x_wconf 87' lang='lat' dir='ltr'>Per</span> <span class='ocrx_word' id='word_1_46' title='bbox 688 1813 918 1893; x_wconf 90' lang='lat' dir='ltr'>Dominum.</span> 
     </span>
    </p>

    <p class='ocr_par' dir='ltr' id='par_1_7' title="bbox 417 1923 1242 2327">
     <span class='ocr_line' id='line_1_12' title="bbox 465 1923 1241 2007; baseline 0.01 -8"><span class='ocrx_word' id='word_1_47' title='bbox 465 1932 620 2003; x_wconf 79' lang='lat' dir='ltr'>Secrolu</span> <span class='ocrx_word' id='word_1_48' title='bbox 639 1934 677 2003; x_wconf 84' lang='lat' dir='ltr'>el</span> <span class='ocrx_word' id='word_1_49' title='bbox 698 1924 1021 2003; x_wconf 67' lang='lat' dir='ltr'>postcommunio</span> <span class='ocrx_word' id='word_1_50' title='bbox 1051 1944 1097 2000; x_wconf 83' lang='lat' dir='ltr'>ex</span> <span class='ocrx_word' id='word_1_51' title='bbox 1111 1923 1241 2007; x_wconf 67' lang='lat' dir='ltr'>llissa,</span> 
     </span>
     <span class='ocr_line' id='line_1_13' title="bbox 422 2022 1241 2131; baseline -0.006 -21"><span class='ocrx_word' id='word_1_52' title='bbox 422 2022 631 2127; x_wconf 73' lang='lat' dir='ltr'>lnqucban</span> <span class='ocrx_word' id='word_1_53' title='bbox 663 2030 712 2109; x_wconf 89' lang='lat' dir='ltr'>de</span> <span class='ocrx_word' id='word_1_54' title='bbox 733 2032 889 2110; x_wconf 85' lang='lat' dir='ltr'>Connn.</span> <span class='ocrx_word' id='word_1_55' title='bbox 906 2030 1011 2131; x_wconf 81' lang='lat' dir='ltr'>Virg.</span> <span class='ocrx_word' id='word_1_56' title='bbox 1032 2031 1076 2107; x_wconf 95' lang='lat' dir='ltr'>ln</span> <span class='ocrx_word' id='word_1_57' title='bbox 1094 2031 1241 2128; x_wconf 76' lang='lat' dir='ltr'>Quadi.</span> 
     </span>
     <span class='ocr_line' id='line_1_14' title="bbox 419 2140 1242 2221; baseline 0 -4"><span class='ocrx_word' id='word_1_58' title='bbox 419 2144 462 2219; x_wconf 84' lang='lat' dir='ltr'>lii</span> <span class='ocrx_word' id='word_1_59' title='bbox 497 2164 600 2221; x_wconf 89' lang='lat' dir='ltr'>com.</span> <span class='ocrx_word' id='word_1_60' title='bbox 640 2142 727 2217; x_wconf 78' lang='lat' dir='ltr'>Fer.</span> <span class='ocrx_word' id='word_1_61' title='bbox 773 2148 863 2219; x_wconf 87' lang='lat' dir='ltr'>ania</span> <span class='ocrx_word' id='word_1_62' title='bbox 896 2162 998 2219; x_wconf 88' lang='lat' dir='ltr'>com.</span> <span class='ocrx_word' id='word_1_63' title='bbox 1042 2140 1082 2217; x_wconf 88' lang='lat' dir='ltr'>S.</span> <span class='ocrx_word' id='word_1_64' title='bbox 1118 2140 1242 2217; x_wconf 88' lang='lat' dir='ltr'>[loro-</span> 
     </span>
     <span class='ocr_line' id='line_1_15' title="bbox 417 2246 703 2327; baseline 0.007 -2"><span class='ocrx_word' id='word_1_65' title='bbox 417 2250 531 2327; x_wconf 81' lang='lat' dir='ltr'>ilrcae.</span> <span class='ocrx_word' id='word_1_66' title='bbox 700 2246 703 2251; x_wconf 79' lang='grc'><strong>’</strong></span> 
     </span>
    </p>
   </div>
   <div class='ocr_carea' id='block_1_7' title="bbox 415 2494 1240 3111">
    <p class='ocr_par' dir='ltr' id='par_1_8' title="bbox 415 2494 1240 3111">
     <span class='ocr_line' id='line_1_16' title="bbox 747 2494 904 2546; baseline 0 -1"><span class='ocrx_word' id='word_1_67' title='bbox 747 2494 806 2546; x_wconf 88' lang='lat' dir='ltr'>mn</span> <span class='ocrx_word' id='word_1_68' title='bbox 838 2494 904 2546; x_wconf 85' lang='lat' dir='ltr'>vn.</span> 
     </span>
     <span class='ocr_line' id='line_1_17' title="bbox 415 2576 1238 2657; baseline -0.006 0"><span class='ocrx_word' id='word_1_69' title='bbox 415 2580 454 2657; x_wconf 89' lang='lat' dir='ltr'>S.</span> <span class='ocrx_word' id='word_1_70' title='bbox 472 2576 746 2657; x_wconf 82' lang='lat' dir='ltr'>TllEODORl</span> <span class='ocrx_word' id='word_1_71' title='bbox 778 2576 933 2657; x_wconf 90' lang='lat' dir='ltr'><strong>DUClS</strong></span> <span class='ocrx_word' id='word_1_72' title='bbox 962 2577 1238 2657; x_wconf 69' lang='lat' dir='ltr'>Minnioni.</span> 
     </span>
     <span class='ocr_line' id='line_1_18' title="bbox 417 2706 1239 2781; baseline 0.005 -18"><span class='ocrx_word' id='word_1_73' title='bbox 417 2706 666 2765; x_wconf 80' lang='lat' dir='ltr'>rranlcnransrs</span> <span class='ocrx_word' id='word_1_74' title='bbox 684 2710 720 2763; x_wconf 86' lang='lat' dir='ltr'>ru</span> <span class='ocrx_word' id='word_1_75' title='bbox 738 2710 863 2781; x_wconf 81' lang='lat' dir='ltr'>rouro,</span> <span class='ocrx_word' id='word_1_76' title='bbox 877 2710 976 2765; x_wconf 78' lang='lat' dir='ltr'>naun.</span> <span class='ocrx_word' id='word_1_77' title='bbox 995 2710 1070 2763; x_wconf 84' lang='lat' dir='ltr'>run</span> <span class='ocrx_word' id='word_1_78' title='bbox 1091 2710 1239 2767; x_wconf 82' lang='lat' dir='ltr'>raison.</span> 
     </span>
     <span class='ocr_line' id='line_1_19' title="bbox 467 2792 1240 2893; baseline 0.004 -20"><span class='ocrx_word' id='word_1_79' title='bbox 467 2798 609 2893; x_wconf 81' lang='lat' dir='ltr'>Missa,</span> <span class='ocrx_word' id='word_1_80' title='bbox 633 2800 671 2873; x_wconf 94' lang='lat' dir='ltr'>ln</span> <span class='ocrx_word' id='word_1_81' title='bbox 695 2792 855 2890; x_wconf 82' lang='lat' dir='ltr'>viriole,</span> <span class='ocrx_word' id='word_1_82' title='bbox 879 2798 927 2879; x_wconf 89' lang='lat' dir='ltr'>de</span> <span class='ocrx_word' id='word_1_83' title='bbox 950 2798 1104 2878; x_wconf 85' lang='lat' dir='ltr'>Comm.</span> <span class='ocrx_word' id='word_1_84' title='bbox 1126 2802 1240 2881; x_wconf 83' lang='lat' dir='ltr'>llari.</span> 
     </span>
     <span class='ocr_line' id='line_1_20' title="bbox 417 2908 685 3011; baseline 0.015 -31"><span class='ocrx_word' id='word_1_85' title='bbox 417 2926 497 2984; x_wconf 92' lang='lat' dir='ltr'>non</span> <span class='ocrx_word' id='word_1_86' title='bbox 529 2908 641 2984; x_wconf 78' lang='lat' dir='ltr'>Poub</span> <span class='ocrx_word' id='word_1_87' title='bbox 682 3006 685 3011; x_wconf 20' lang='grc' dir='ltr'>Ι</span> 
     </span>
     <span class='ocr_line' id='line_1_21' title="bbox 471 3014 1025 3111; baseline -0.004 -20"><span class='ocrx_word' id='word_1_88' title='bbox 471 3016 515 3091; x_wconf 93' lang='lat' dir='ltr'>ln</span> <span class='ocrx_word' id='word_1_89' title='bbox 533 3014 684 3111; x_wconf 84' lang='lat' dir='ltr'>Quadr.</span> <span class='ocrx_word' id='word_1_90' title='bbox 707 3016 866 3093; x_wconf 81' lang='lat' dir='ltr'>fiiccm.</span> <span class='ocrx_word' id='word_1_91' title='bbox 891 3016 1025 3093; x_wconf 74' lang='lat' dir='ltr'>Felice.</span> 
     </span>
    </p>
   </div>
   <div class='ocr_carea' id='block_1_8' title="bbox 418 3276 1247 4110">
    <p class='ocr_par' dir='ltr' id='par_1_9' title="bbox 766 3276 895 3326">
     <span class='ocr_line' id='line_1_22' title="bbox 766 3276 895 3326; baseline 0 -1"><span class='ocrx_word' id='word_1_92' title='bbox 766 3276 824 3325; x_wconf 85' lang='lat' dir='ltr'>illll</span> <span class='ocrx_word' id='word_1_93' title='bbox 846 3276 895 3326; x_wconf 88' lang='lat' dir='ltr'>lX.</span> 
     </span>
    </p>

    <p class='ocr_par' dir='ltr' id='par_1_10' title="bbox 458 3360 1217 3457">
     <span class='ocr_line' id='line_1_23' title="bbox 458 3360 1217 3457; baseline -0.004 -16"><span class='ocrx_word' id='word_1_94' title='bbox 458 3364 497 3441; x_wconf 88' lang='lat' dir='ltr'>S.</span> <span class='ocrx_word' id='word_1_95' title='bbox 529 3362 686 3443; x_wconf 81' lang='lat' dir='ltr'><strong>PAULI</strong></span> <span class='ocrx_word' id='word_1_96' title='bbox 718 3363 745 3443; x_wconf 93' lang='lat' dir='ltr'>l.</span> <span class='ocrx_word' id='word_1_97' title='bbox 774 3362 1042 3457; x_wconf 82' lang='lat' dir='ltr'>ERElilTAE,</span> <span class='ocrx_word' id='word_1_98' title='bbox 1071 3360 1217 3440; x_wconf 84' lang='lat' dir='ltr'><strong>CONF.</strong></span> 
     </span>
    </p>

    <p class='ocr_par' dir='ltr' id='par_1_11' title="bbox 421 3466 1247 3653">
     <span class='ocr_line' id='line_1_24' title="bbox 476 3466 1247 3568; baseline 0.001 -28"><span class='ocrx_word' id='word_1_99' title='bbox 476 3466 595 3544; x_wconf 82' lang='lat' dir='ltr'>llissa</span> <span class='ocrx_word' id='word_1_100' title='bbox 615 3470 778 3568; x_wconf 82' lang='lat' dir='ltr'>propria</span> <span class='ocrx_word' id='word_1_101' title='bbox 801 3476 844 3545; x_wconf 82' lang='lat' dir='ltr'>ui</span> <span class='ocrx_word' id='word_1_102' title='bbox 862 3468 901 3543; x_wconf 94' lang='lat' dir='ltr'>in</span> <span class='ocrx_word' id='word_1_103' title='bbox 917 3466 1164 3563; x_wconf 82' lang='lat' dir='ltr'>blissali‚sub</span> <span class='ocrx_word' id='word_1_104' title='bbox 1183 3466 1247 3543; x_wconf 87' lang='lat' dir='ltr'>die</span> 
     </span>
     <span class='ocr_line' id='line_1_25' title="bbox 421 3574 693 3653; baseline 0 -4"><span class='ocrx_word' id='word_1_105' title='bbox 421 3580 479 3651; x_wconf 79' lang='lat' dir='ltr'>lo.</span> <span class='ocrx_word' id='word_1_106' title='bbox 500 3574 693 3653; x_wconf 83' lang='lat' dir='ltr'>ianuarii.</span> 
     </span>
    </p>

    <p class='ocr_par' dir='ltr' id='par_1_12' title="bbox 418 3679 1246 4110">
     <span class='ocr_line' id='line_1_26' title="bbox 473 3679 1246 3782; baseline -0.001 -23"><span class='ocrx_word' id='word_1_107' title='bbox 473 3685 520 3760; x_wconf 84' lang='lat' dir='ltr'>El</span> <span class='ocrx_word' id='word_1_108' title='bbox 558 3683 601 3760; x_wconf 85' lang='lat' dir='ltr'>iit</span> <span class='ocrx_word' id='word_1_109' title='bbox 637 3706 740 3761; x_wconf 90' lang='lat' dir='ltr'>com.</span> <span class='ocrx_word' id='word_1_110' title='bbox 778 3683 819 3759; x_wconf 89' lang='lat' dir='ltr'>S.</span> <span class='ocrx_word' id='word_1_111' title='bbox 857 3681 1105 3782; x_wconf 75' lang='lat' dir='ltr'>Apollonio,</span> <span class='ocrx_word' id='word_1_112' title='bbox 1143 3679 1246 3782; x_wconf 75' lang='lat' dir='ltr'>Virg.</span> 
     </span>
     <span class='ocr_line' id='line_1_27' title="bbox 421 3791 1246 3888; baseline 0 -22"><span class='ocrx_word' id='word_1_113' title='bbox 421 3791 535 3868; x_wconf 86' lang='lat' dir='ltr'>llari.</span> <span class='ocrx_word' id='word_1_114' title='bbox 566 3793 777 3870; x_wconf 85' lang='lat' dir='ltr'>Onnliones</span> <span class='ocrx_word' id='word_1_115' title='bbox 796 3813 935 3869; x_wconf 91' lang='lat' dir='ltr'>omncs</span> <span class='ocrx_word' id='word_1_116' title='bbox 955 3815 1001 3868; x_wconf 85' lang='lat' dir='ltr'>ex</span> <span class='ocrx_word' id='word_1_117' title='bbox 1020 3791 1157 3888; x_wconf 87' lang='lat' dir='ltr'>liissa,</span> <span class='ocrx_word' id='word_1_118' title='bbox 1173 3791 1246 3867; x_wconf 87' lang='lat' dir='ltr'>Lo-</span> 
     </span>
     <span class='ocr_line' id='line_1_28' title="bbox 418 3899 1246 4002; baseline -0.002 -24"><span class='ocrx_word' id='word_1_119' title='bbox 418 3899 635 4002; x_wconf 81' lang='lat' dir='ltr'>qnoborln</span> <span class='ocrx_word' id='word_1_120' title='bbox 654 3900 805 3997; x_wconf 85' lang='lat' dir='ltr'>Quadr.</span> <span class='ocrx_word' id='word_1_121' title='bbox 827 3899 870 3977; x_wconf 84' lang='lat' dir='ltr'>iit</span> <span class='ocrx_word' id='word_1_122' title='bbox 888 3921 991 3978; x_wconf 88' lang='lat' dir='ltr'>com.</span> <span class='ocrx_word' id='word_1_123' title='bbox 1015 3899 1136 3977; x_wconf 77' lang='lat' dir='ltr'>Ferim</span> <span class='ocrx_word' id='word_1_124' title='bbox 1157 3909 1246 3977; x_wconf 82' lang='lat' dir='ltr'>anie</span> 
     </span>
     <span class='ocr_line' id='line_1_29' title="bbox 422 4007 837 4110; baseline -0.005 -25"><span class='ocrx_word' id='word_1_125' title='bbox 422 4030 525 4086; x_wconf 88' lang='lat' dir='ltr'>eom.</span> <span class='ocrx_word' id='word_1_126' title='bbox 544 4007 584 4088; x_wconf 88' lang='lat' dir='ltr'>S.</span> <span class='ocrx_word' id='word_1_127' title='bbox 602 4009 837 4110; x_wconf 75' lang='lat' dir='ltr'>Apollonia..</span> 
     </span>
    </p>
   </div>
   <div class='ocr_carea' id='block_1_9' title="bbox 767 4247 897 4298">
    <p class='ocr_par' dir='ltr' id='par_1_13' title="bbox 767 4247 897 4298">
     <span class='ocr_line' id='line_1_30' title="bbox 767 4247 897 4298; baseline -0.015 0"><span class='ocrx_word' id='word_1_128' title='bbox 767 4249 825 4298; x_wconf 77' lang='lat' dir='ltr'>lilii</span> <span class='ocrx_word' id='word_1_129' title='bbox 846 4247 897 4298; x_wconf 80' lang='lat' dir='ltr'>xi.</span> 
     </span>
    </p>
   </div>
   <div class='ocr_carea' id='block_1_10' title="bbox 485 4331 1174 4524">
    <p class='ocr_par' dir='ltr' id='par_1_14' title="bbox 485 4331 1174 4524">
     <span class='ocr_line' id='line_1_31' title="bbox 485 4331 1174 4417; baseline -0.012 0"><span class='ocrx_word' id='word_1_130' title='bbox 485 4339 561 4417; x_wconf 87' lang='lat' dir='ltr'>BB.</span> <span class='ocrx_word' id='word_1_131' title='bbox 586 4337 787 4417; x_wconf 83' lang='lat' dir='ltr'><strong>SEPTEM</strong></span> <span class='ocrx_word' id='word_1_132' title='bbox 818 4331 1174 4416; x_wconf 83' lang='lat' dir='ltr'>FUNllllTOllUli</span> 
     </span>
     <span class='ocr_line' id='line_1_32' title="bbox 593 4467 1089 4524; baseline -0.01 0"><span class='ocrx_word' id='word_1_133' title='bbox 593 4469 735 4524; x_wconf 87' lang='lat' dir='ltr'>annuus</span> <span class='ocrx_word' id='word_1_134' title='bbox 754 4469 938 4523; x_wconf 81' lang='lat' dir='ltr'>sanvonon</span> <span class='ocrx_word' id='word_1_135' title='bbox 953 4469 983 4520; x_wconf 89' lang='lat' dir='ltr'>n.</span> <span class='ocrx_word' id='word_1_136' title='bbox 1003 4467 1041 4520; x_wconf 88' lang='lat' dir='ltr'>n.</span> <span class='ocrx_word' id='word_1_137' title='bbox 1056 4467 1089 4520; x_wconf 85' lang='lat' dir='ltr'>v.</span> 
     </span>
    </p>
   </div>
   <div class='ocr_carea' id='block_1_11' title="bbox 422 4552 1248 4965">
    <p class='ocr_par' dir='ltr' id='par_1_15' title="bbox 422 4552 1248 4965">
     <span class='ocr_line' id='line_1_33' title="bbox 471 4552 1171 4658; baseline -0.003 -28"><span class='ocrx_word' id='word_1_138' title='bbox 471 4555 590 4634; x_wconf 88' lang='lat' dir='ltr'>liissa</span> <span class='ocrx_word' id='word_1_139' title='bbox 613 4565 656 4636; x_wconf 90' lang='lat' dir='ltr'>ul</span> <span class='ocrx_word' id='word_1_140' title='bbox 676 4561 715 4634; x_wconf 94' lang='lat' dir='ltr'>in</span> <span class='ocrx_word' id='word_1_141' title='bbox 742 4555 972 4658; x_wconf 77' lang='lat' dir='ltr'>Appendicc</span> <span class='ocrx_word' id='word_1_142' title='bbox 991 4552 1171 4632; x_wconf 85' lang='lat' dir='ltr'>blissalis.</span> 
     </span>
     <span class='ocr_line' id='line_1_34' title="bbox 473 4667 870 4766; baseline -0.013 -21"><span class='ocrx_word' id='word_1_143' title='bbox 473 4667 611 4746; x_wconf 76' lang='lat' dir='ltr'>orario</span> <span class='ocrx_word' id='word_1_144' title='bbox 631 4667 679 4745; x_wconf 91' lang='lat' dir='ltr'>dc</span> <span class='ocrx_word' id='word_1_145' title='bbox 707 4669 749 4766; x_wconf 87' lang='lat' dir='ltr'>ij.</span> <span class='ocrx_word' id='word_1_146' title='bbox 766 4668 870 4744; x_wconf 91' lang='lat' dir='ltr'>loco.</span> 
     </span>
     <span class='ocr_line' id='line_1_35' title="bbox 422 4771 1248 4962; baseline -0.011 -109"><span class='ocrx_word' id='word_1_147' title='bbox 422 4775 541 4962; x_wconf 56' lang='lat' dir='ltr'>Felrli‘a</span> <span class='ocrx_word' id='word_1_148' title='bbox 570 4773 884 4876; x_wconf 76' lang='lat' dir='ltr'>Quadragesima</span> <span class='ocrx_word' id='word_1_149' title='bbox 937 4771 979 4848; x_wconf 87' lang='lat' dir='ltr'>ill</span> <span class='ocrx_word' id='word_1_150' title='bbox 1040 4789 1248 4848; x_wconf 88' lang='lat' dir='ltr'>commem</span> 
     </span>
     <span class='ocr_line' id='line_1_36' title="bbox 510 4929 554 4965; baseline 0.068 -3"><span class='ocrx_word' id='word_1_151' title='bbox 510 4929 519 4962; x_wconf 89' lang='grc'><strong>(</strong></span> <span class='ocrx_word' id='word_1_152' title='bbox 546 4945 554 4965; x_wconf 74' lang='lat' dir='ltr'>e</span> 
     </span>
    </p>
   </div>
   <div class='ocr_carea' id='block_1_12' title="bbox 759 5121 908 5174">
    <p class='ocr_par' dir='ltr' id='par_1_16' title="bbox 759 5121 908 5174">
     <span class='ocr_line' id='line_1_37' title="bbox 759 5121 908 5174; baseline -0.034 1"><span class='ocrx_word' id='word_1_153' title='bbox 759 5123 818 5174; x_wconf 83' lang='lat' dir='ltr'>illli</span> <span class='ocrx_word' id='word_1_154' title='bbox 843 5121 908 5173; x_wconf 84' lang='grc' dir='ltr'>ΧΗ.</span> 
     </span>
    </p>
   </div>
   <div class='ocr_carea' id='block_1_13' title="bbox 472 5189 1212 5288">
    <p class='ocr_par' dir='ltr' id='par_1_17' title="bbox 472 5189 1212 5288">
     <span class='ocr_line' id='line_1_38' title="bbox 472 5189 1212 5288; baseline -0.018 -7"><span class='ocrx_word' id='word_1_155' title='bbox 472 5199 510 5280; x_wconf 92' lang='lat' dir='ltr'>S.</span> <span class='ocrx_word' id='word_1_156' title='bbox 528 5197 745 5281; x_wconf 80' lang='lat' dir='ltr'>Jonnms</span> <span class='ocrx_word' id='word_1_157' title='bbox 764 5189 1212 5288; x_wconf 75' lang='lat' dir='ltr'>Enannoslnann,</span> 
     </span>
    </p>
   </div>
   <div class='ocr_carea' id='block_1_14' title="bbox 536 5325 1257 5833">
    <p class='ocr_par' dir='ltr' id='par_1_18' title="bbox 536 5325 1257 5833">
     <span class='ocr_line' id='line_1_39' title="bbox 605 5325 1080 5388; baseline -0.023 0"><span class='ocrx_word' id='word_1_158' title='bbox 605 5331 763 5388; x_wconf 78' lang='lat' dir='ltr'>crisconi</span> <span class='ocrx_word' id='word_1_159' title='bbox 782 5329 825 5384; x_wconf 80' lang='lat' dir='ltr'>aa</span> <span class='ocrx_word' id='word_1_160' title='bbox 844 5325 1080 5383; x_wconf 84' lang='lat' dir='ltr'>conrassoms.</span> 
     </span>
     <span class='ocr_line' id='line_1_40' title="bbox 601 5411 1089 5504; baseline -0.016 -4"><span class='ocrx_word' id='word_1_161' title='bbox 601 5423 803 5504; x_wconf 81' lang='lat' dir='ltr'>inlroilus.</span> <span class='ocrx_word' id='word_1_162' title='bbox 829 5411 978 5490; x_wconf 66' lang='lat' dir='ltr'>Psalm·</span> <span class='ocrx_word' id='word_1_163' title='bbox 1007 5412 1089 5485; x_wconf 80' lang='lat' dir='ltr'>ill.</span> 
     </span>
     <span class='ocr_line' id='line_1_41' title="bbox 536 5509 1256 5622; baseline -0.021 -19"><span class='ocrx_word' id='word_1_164' title='bbox 536 5547 714 5620; x_wconf 80' lang='lat' dir='ltr'>rsaansrn,</span> <span class='ocrx_word' id='word_1_165' title='bbox 732 5520 845 5600; x_wconf 85' lang='lat' dir='ltr'>dedit</span> <span class='ocrx_word' id='word_1_166' title='bbox 861 5515 1104 5622; x_wconf 77' lang='lat' dir='ltr'>pauperibus</span> <span class='ocrx_word' id='word_1_167' title='bbox 1120 5541 1128 5591; x_wconf 91' lang='lat'>:</span> <span class='ocrx_word' id='word_1_168' title='bbox 1144 5509 1256 5613; x_wconf 79' lang='lat' dir='ltr'>insli-</span> 
     </span>
     <span class='ocr_line' id='line_1_42' title="bbox 561 5620 1257 5732; baseline -0.02 -22"><span class='ocrx_word' id='word_1_169' title='bbox 561 5632 620 5710; x_wconf 83' lang='lat' dir='ltr'>lia</span> <span class='ocrx_word' id='word_1_170' title='bbox 647 5633 733 5732; x_wconf 77' lang='lat' dir='ltr'>eJus</span> <span class='ocrx_word' id='word_1_171' title='bbox 757 5633 892 5706; x_wconf 86' lang='lat' dir='ltr'>manet</span> <span class='ocrx_word' id='word_1_172' title='bbox 915 5625 956 5702; x_wconf 91' lang='lat' dir='ltr'>in</span> <span class='ocrx_word' id='word_1_173' title='bbox 975 5620 1166 5702; x_wconf 82' lang='lat' dir='ltr'>saeculum</span> <span class='ocrx_word' id='word_1_174' title='bbox 1184 5641 1257 5698; x_wconf 81' lang='lat' dir='ltr'>sae-</span> 
     </span>
     <span class='ocr_line' id='line_1_43' title="bbox 562 5726 1254 5833; baseline -0.025 -14"><span class='ocrx_word' id='word_1_175' title='bbox 562 5737 669 5819; x_wconf 92' lang='lat' dir='ltr'>culi:</span> <span class='ocrx_word' id='word_1_176' title='bbox 696 5757 822 5817; x_wconf 89' lang='lat' dir='ltr'>cornu</span> <span class='ocrx_word' id='word_1_177' title='bbox 847 5735 932 5833; x_wconf 89' lang='lat' dir='ltr'>ejus</span> <span class='ocrx_word' id='word_1_178' title='bbox 951 5727 1188 5808; x_wconf 82' lang='lat' dir='ltr'>exalldbiiur</span> <span class='ocrx_word' id='word_1_179' title='bbox 1214 5726 1254 5803; x_wconf 91' lang='lat' dir='ltr'>in</span> 
     </span>
    </p>
   </div>
   <div class='ocr_carea' id='block_1_15' title="bbox 1322 1162 2153 1807">
    <p class='ocr_par' dir='ltr' id='par_1_19' title="bbox 1322 1162 2153 1807">
     <span class='ocr_line' id='line_1_44' title="bbox 1418 1162 2152 1251; baseline 0.014 -12"><span class='ocrx_word' id='word_1_180' title='bbox 1418 1162 1579 1241; x_wconf 77' lang='lat' dir='ltr'>beilum</span> <span class='ocrx_word' id='word_1_181' title='bbox 1627 1164 1824 1245; x_wconf 78' lang='lat' dir='ltr'>Joonnem</span> <span class='ocrx_word' id='word_1_182' title='bbox 1876 1169 2152 1251; x_wconf 79' lang='lat' dir='ltr'>confessorem</span> 
     </span>
     <span class='ocr_line' id='line_1_45' title="bbox 1323 1272 2152 1380; baseline 0.013 -34"><span class='ocrx_word' id='word_1_183' title='bbox 1323 1276 1436 1349; x_wconf 87' lang='lat' dir='ltr'>luam</span> <span class='ocrx_word' id='word_1_184' title='bbox 1467 1280 1589 1373; x_wconf 84' lang='lat' dir='ltr'>atque</span> <span class='ocrx_word' id='word_1_185' title='bbox 1627 1272 1860 1353; x_wconf 85' lang='lat' dir='ltr'>Ponllircem</span> <span class='ocrx_word' id='word_1_186' title='bbox 1903 1278 2072 1380; x_wconf 82' lang='lat' dir='ltr'>insignis</span> <span class='ocrx_word' id='word_1_187' title='bbox 2112 1282 2152 1357; x_wconf 92' lang='lat' dir='ltr'>in</span> 
     </span>
     <span class='ocr_line' id='line_1_46' title="bbox 1322 1378 2153 1479; baseline 0.016 -26"><span class='ocrx_word' id='word_1_188' title='bbox 1322 1378 1519 1479; x_wconf 79' lang='lat' dir='ltr'>piuneres</span> <span class='ocrx_word' id='word_1_189' title='bbox 1547 1380 1836 1463; x_wconf 76' lang='lat' dir='ltr'>misericordiae</span> <span class='ocrx_word' id='word_1_190' title='bbox 1865 1383 2010 1465; x_wconf 72' lang='lat' dir='ltr'>villole</span> <span class='ocrx_word' id='word_1_191' title='bbox 2035 1385 2153 1466; x_wconf 88' lang='lat' dir='ltr'>deco·</span> 
     </span>
     <span class='ocr_line' id='line_1_47' title="bbox 1323 1484 2151 1596; baseline 0.014 -35"><span class='ocrx_word' id='word_1_192' title='bbox 1323 1484 1446 1563; x_wconf 77' lang='lat' dir='ltr'>nosti:</span> <span class='ocrx_word' id='word_1_193' title='bbox 1478 1509 1727 1588; x_wconf 77' lang='lat' dir='ltr'>quaesomus3</span> <span class='ocrx_word' id='word_1_194' title='bbox 1762 1499 1806 1569; x_wconf 85' lang='lat' dir='ltr'>ui</span> <span class='ocrx_word' id='word_1_195' title='bbox 1834 1493 1874 1569; x_wconf 93' lang='lat' dir='ltr'>in</span> <span class='ocrx_word' id='word_1_196' title='bbox 1903 1514 2064 1591; x_wconf 87' lang='lat' dir='ltr'>omnes,</span> <span class='ocrx_word' id='word_1_197' title='bbox 2083 1496 2151 1596; x_wconf 86' lang='lat' dir='ltr'>qui</span> 
     </span>
     <span class='ocr_line' id='line_1_48' title="bbox 1322 1593 2152 1696; baseline 0.011 -25"><span class='ocrx_word' id='word_1_198' title='bbox 1322 1602 1361 1671; x_wconf 88' lang='lat' dir='ltr'>te</span> <span class='ocrx_word' id='word_1_199' title='bbox 1379 1593 1655 1696; x_wconf 80' lang='lat' dir='ltr'>depreciatur,</span> <span class='ocrx_word' id='word_1_200' title='bbox 1676 1598 1835 1677; x_wconf 83' lang='lat' dir='ltr'>divilias</span> <span class='ocrx_word' id='word_1_201' title='bbox 1864 1601 2152 1680; x_wconf 70' lang='lat' dir='ltr'>misericordiae</span> 
     </span>
     <span class='ocr_line' id='line_1_49' title="bbox 1323 1703 2151 1807; baseline 0.012 -28"><span class='ocrx_word' id='word_1_202' title='bbox 1323 1710 1401 1781; x_wconf 83' lang='lat' dir='ltr'>tuoe</span> <span class='ocrx_word' id='word_1_203' title='bbox 1419 1703 1616 1807; x_wconf 81' lang='lat' dir='ltr'>benignus</span> <span class='ocrx_word' id='word_1_204' title='bbox 1630 1705 1820 1786; x_wconf 82' lang='lat' dir='ltr'>effriodas.</span> <span class='ocrx_word' id='word_1_205' title='bbox 1835 1709 1910 1787; x_wconf 86' lang='lat' dir='ltr'>Per</span> <span class='ocrx_word' id='word_1_206' title='bbox 1921 1708 2151 1789; x_wconf 89' lang='lat' dir='ltr'>Dominum.</span> 
     </span>
    </p>
   </div>
   <div class='ocr_carea' id='block_1_16' title="bbox 1382 1816 2006 2005">
    <p class='ocr_par' dir='ltr' id='par_1_20' title="bbox 1382 1816 2006 2005">
     <span class='ocr_line' id='line_1_50' title="bbox 1382 1816 1944 1915; baseline 0.004 -22"><span class='ocrx_word' id='word_1_207' title='bbox 1382 1820 1424 1895; x_wconf 90' lang='lat' dir='ltr'>in</span> <span class='ocrx_word' id='word_1_208' title='bbox 1445 1816 1597 1915; x_wconf 77' lang='lat' dir='ltr'>Quadi.</span> <span class='ocrx_word' id='word_1_209' title='bbox 1621 1819 1664 1896; x_wconf 81' lang='lat' dir='ltr'>dl</span> <span class='ocrx_word' id='word_1_210' title='bbox 1681 1838 1783 1897; x_wconf 88' lang='lat' dir='ltr'>com.</span> <span class='ocrx_word' id='word_1_211' title='bbox 1811 1822 1944 1898; x_wconf 72' lang='lat' dir='ltr'>Felice.</span> 
     </span>
     <span class='ocr_line' id='line_1_51' title="bbox 1480 1919 2006 2005; baseline 0.008 -6"><span class='ocrx_word' id='word_1_212' title='bbox 1480 1919 1609 1999; x_wconf 69' lang='lat' dir='ltr'>lectio</span> <span class='ocrx_word' id='word_1_213' title='bbox 1626 1920 1719 1999; x_wconf 92' lang='lat' dir='ltr'>libri</span> <span class='ocrx_word' id='word_1_214' title='bbox 1737 1920 1885 2001; x_wconf 83' lang='lat' dir='ltr'>Tobiae.</span> <span class='ocrx_word' id='word_1_215' title='bbox 1921 1951 1955 2005; x_wconf 87' lang='lat' dir='ltr'>c.</span> <span class='ocrx_word' id='word_1_216' title='bbox 1973 1934 2006 2003; x_wconf 78' lang='lat' dir='ltr'>l.</span> 
     </span>
    </p>
   </div>
   <div class='ocr_carea' id='block_1_17' title="bbox 1323 2027 2154 2888">
    <p class='ocr_par' dir='ltr' id='par_1_21' title="bbox 1323 2027 2154 2888">
     <span class='ocr_line' id='line_1_52' title="bbox 1424 2027 2151 2133; baseline 0.003 -26"><span class='ocrx_word' id='word_1_217' title='bbox 1424 2027 1649 2107; x_wconf 78' lang='lat' dir='ltr'>substoniia</span> <span class='ocrx_word' id='word_1_218' title='bbox 1666 2040 1734 2109; x_wconf 80' lang='lat' dir='ltr'>tua</span> <span class='ocrx_word' id='word_1_219' title='bbox 1752 2030 1814 2109; x_wconf 86' lang='lat' dir='ltr'>iac</span> <span class='ocrx_word' id='word_1_220' title='bbox 1836 2030 2151 2133; x_wconf 79' lang='lat' dir='ltr'>eleemosynam,</span> 
     </span>
     <span class='ocr_line' id='line_1_53' title="bbox 1329 2052 2152 2229; baseline 0.001 -12"><span class='ocrx_word' id='word_1_221' title='bbox 1329 2052 1444 2229; x_wconf 58' lang='lat' dir='ltr'>Exci</span> <span class='ocrx_word' id='word_1_222' title='bbox 1473 2136 1556 2214; x_wconf 92' lang='lat' dir='ltr'>noli</span> <span class='ocrx_word' id='word_1_223' title='bbox 1588 2137 1767 2217; x_wconf 81' lang='lat' dir='ltr'>avortere</span> <span class='ocrx_word' id='word_1_224' title='bbox 1796 2138 1939 2217; x_wconf 81' lang='lat' dir='ltr'>ficiem</span> <span class='ocrx_word' id='word_1_225' title='bbox 1964 2147 2075 2216; x_wconf 84' lang='lat' dir='ltr'>tuam</span> <span class='ocrx_word' id='word_1_226' title='bbox 2101 2140 2152 2218; x_wconf 83' lang='lat' dir='ltr'>ab</span> 
     </span>
     <span class='ocr_line' id='line_1_54' title="bbox 1328 2246 2154 2349; baseline -0.002 -24"><span class='ocrx_word' id='word_1_227' title='bbox 1328 2247 1410 2327; x_wconf 92' lang='lat' dir='ltr'>ullo</span> <span class='ocrx_word' id='word_1_228' title='bbox 1429 2246 1604 2349; x_wconf 84' lang='lat' dir='ltr'>nonpere</span> <span class='ocrx_word' id='word_1_229' title='bbox 1621 2276 1629 2320; x_wconf 92' lang='lat'>:</span> <span class='ocrx_word' id='word_1_230' title='bbox 1649 2247 1705 2325; x_wconf 87' lang='lat' dir='ltr'>ita</span> <span class='ocrx_word' id='word_1_231' title='bbox 1721 2246 1826 2325; x_wconf 92' lang='lat' dir='ltr'>enim</span> <span class='ocrx_word' id='word_1_232' title='bbox 1848 2246 1930 2343; x_wconf 84' lang='lat' dir='ltr'>ilel,</span> <span class='ocrx_word' id='word_1_233' title='bbox 1957 2256 2002 2325; x_wconf 87' lang='lat' dir='ltr'>ul</span> <span class='ocrx_word' id='word_1_234' title='bbox 2027 2269 2102 2325; x_wconf 89' lang='lat' dir='ltr'>nec</span> <span class='ocrx_word' id='word_1_235' title='bbox 2132 2270 2154 2323; x_wconf 88' lang='lat' dir='ltr'>a</span> 
     </span>
     <span class='ocr_line' id='line_1_55' title="bbox 1324 2352 2154 2452; baseline 0.002 -21"><span class='ocrx_word' id='word_1_236' title='bbox 1324 2363 1363 2432; x_wconf 87' lang='lat' dir='ltr'>le</span> <span class='ocrx_word' id='word_1_237' title='bbox 1382 2355 1581 2434; x_wconf 77' lang='lat' dir='ltr'>auertitur</span> <span class='ocrx_word' id='word_1_238' title='bbox 1602 2353 1724 2432; x_wconf 84' lang='lat' dir='ltr'>linies</span> <span class='ocrx_word' id='word_1_239' title='bbox 1741 2352 1917 2433; x_wconf 79' lang='lat' dir='ltr'>Domini.</span> <span class='ocrx_word' id='word_1_240' title='bbox 1937 2354 2154 2452; x_wconf 84' lang='lat' dir='ltr'>Quomodo</span> 
     </span>
     <span class='ocr_line' id='line_1_56' title="bbox 1323 2461 2154 2563; baseline -0.002 -23"><span class='ocrx_word' id='word_1_241' title='bbox 1323 2462 1521 2563; x_wconf 85' lang='lat' dir='ltr'>poloeris,</span> <span class='ocrx_word' id='word_1_242' title='bbox 1539 2462 1593 2540; x_wconf 80' lang='lat' dir='ltr'>ila</span> <span class='ocrx_word' id='word_1_243' title='bbox 1608 2471 1694 2540; x_wconf 81' lang='lat' dir='ltr'>esto</span> <span class='ocrx_word' id='word_1_244' title='bbox 1712 2461 1953 2540; x_wconf 79' lang='lat' dir='ltr'>misericors.</span> <span class='ocrx_word' id='word_1_245' title='bbox 1982 2462 2024 2543; x_wconf 91' lang='lat' dir='ltr'>Si</span> <span class='ocrx_word' id='word_1_246' title='bbox 2051 2462 2154 2539; x_wconf 89' lang='lat' dir='ltr'>mul·</span> 
     </span>
     <span class='ocr_line' id='line_1_57' title="bbox 1324 2568 2152 2665; baseline -0.001 -17"><span class='ocrx_word' id='word_1_247' title='bbox 1324 2581 1409 2648; x_wconf 83' lang='lat' dir='ltr'>tum</span> <span class='ocrx_word' id='word_1_248' title='bbox 1439 2571 1512 2649; x_wconf 80' lang='lat' dir='ltr'>libi</span> <span class='ocrx_word' id='word_1_249' title='bbox 1546 2569 1676 2665; x_wconf 85' lang='lat' dir='ltr'>iderit,</span> <span class='ocrx_word' id='word_1_250' title='bbox 1707 2569 1960 2649; x_wconf 83' lang='lat' dir='ltr'>abundonler</span> <span class='ocrx_word' id='word_1_251' title='bbox 1992 2568 2152 2649; x_wconf 83' lang='lat' dir='ltr'>tribue:</span> 
     </span>
     <span class='ocr_line' id='line_1_58' title="bbox 1324 2677 2151 2780; baseline -0.002 -24"><span class='ocrx_word' id='word_1_252' title='bbox 1324 2680 1357 2756; x_wconf 96' lang='lat' dir='ltr'>si</span> <span class='ocrx_word' id='word_1_253' title='bbox 1384 2679 1568 2780; x_wconf 83' lang='lat' dir='ltr'>exiguum</span> <span class='ocrx_word' id='word_1_254' title='bbox 1586 2678 1660 2756; x_wconf 85' lang='lat' dir='ltr'>ubi</span> <span class='ocrx_word' id='word_1_255' title='bbox 1684 2677 1802 2756; x_wconf 84' lang='lat' dir='ltr'>ideril</span> <span class='ocrx_word' id='word_1_256' title='bbox 1820 2678 1938 2756; x_wconf 83' lang='lat' dir='ltr'>otiam</span> <span class='ocrx_word' id='word_1_257' title='bbox 1969 2679 2151 2779; x_wconf 81' lang='lat' dir='ltr'>exiguum</span> 
     </span>
     <span class='ocr_line' id='line_1_59' title="bbox 1324 2786 2153 2888; baseline 0.001 -26"><span class='ocrx_word' id='word_1_258' title='bbox 1324 2786 1494 2866; x_wconf 81' lang='lat' dir='ltr'>libenter</span> <span class='ocrx_word' id='word_1_259' title='bbox 1523 2786 1720 2888; x_wconf 85' lang='lat' dir='ltr'>impertiri</span> <span class='ocrx_word' id='word_1_260' title='bbox 1761 2786 1890 2864; x_wconf 84' lang='lat' dir='ltr'>stude.</span> <span class='ocrx_word' id='word_1_261' title='bbox 1939 2786 2153 2866; x_wconf 73' lang='lat' dir='ltr'>l‘raemium</span> 
     </span>
    </p>
   </div>
   <div class='ocr_carea' id='block_1_18' title="bbox 1282 2891 2153 2973">
    <p class='ocr_par' dir='ltr' id='par_1_22' title="bbox 1282 2891 2153 2973">
     <span class='ocr_line' id='line_1_60' title="bbox 1282 2891 2153 2973; baseline -0.001 0"><span class='ocrx_word' id='word_1_262' title='bbox 1282 2939 1284 2954; x_wconf 60' lang='grc' dir='ltr'>ι</span> <span class='ocrx_word' id='word_1_263' title='bbox 1325 2896 1431 2973; x_wconf 88' lang='lat' dir='ltr'>enim</span> <span class='ocrx_word' id='word_1_264' title='bbox 1459 2894 1611 2973; x_wconf 90' lang='lat' dir='ltr'>bonum</span> <span class='ocrx_word' id='word_1_265' title='bbox 1636 2893 1710 2973; x_wconf 85' lang='lat' dir='ltr'>tibi</span> <span class='ocrx_word' id='word_1_266' title='bbox 1739 2891 1982 2973; x_wconf 79' lang='lat' dir='ltr'>thesaurizas</span> <span class='ocrx_word' id='word_1_267' title='bbox 2013 2895 2054 2971; x_wconf 91' lang='lat' dir='ltr'>in</span> <span class='ocrx_word' id='word_1_268' title='bbox 2088 2894 2153 2972; x_wconf 94' lang='lat' dir='ltr'>die</span> 
     </span>
    </p>
   </div>
   <div class='ocr_carea' id='block_1_19' title="bbox 1326 3000 2163 4413">
    <p class='ocr_par' dir='ltr' id='par_1_23' title="bbox 1326 3000 2160 3968">
     <span class='ocr_line' id='line_1_61' title="bbox 1326 3000 2153 3103; baseline 0 -23"><span class='ocrx_word' id='word_1_269' title='bbox 1326 3004 1583 3082; x_wconf 82' lang='lat' dir='ltr'>necessiidlis.</span> <span class='ocrx_word' id='word_1_270' title='bbox 1613 3000 1814 3101; x_wconf 84' lang='lat' dir='ltr'>Quoniam</span> <span class='ocrx_word' id='word_1_271' title='bbox 1834 3000 2087 3103; x_wconf 77' lang='lat' dir='ltr'>eleemosyna</span> <span class='ocrx_word' id='word_1_272' title='bbox 2101 3002 2153 3080; x_wconf 86' lang='lat' dir='ltr'>ab</span> 
     </span>
     <span class='ocr_line' id='line_1_62' title="bbox 1328 3108 2157 3211; baseline -0.004 -20"><span class='ocrx_word' id='word_1_273' title='bbox 1328 3112 1438 3191; x_wconf 90' lang='lat' dir='ltr'>omni</span> <span class='ocrx_word' id='word_1_274' title='bbox 1468 3111 1651 3211; x_wconf 84' lang='lat' dir='ltr'>peccota,</span> <span class='ocrx_word' id='word_1_275' title='bbox 1678 3118 1718 3187; x_wconf 85' lang='lat' dir='ltr'>et</span> <span class='ocrx_word' id='word_1_276' title='bbox 1744 3130 1767 3187; x_wconf 93' lang='lat' dir='ltr'>a</span> <span class='ocrx_word' id='word_1_277' title='bbox 1792 3120 1921 3187; x_wconf 80' lang='lat' dir='ltr'>morte</span> <span class='ocrx_word' id='word_1_278' title='bbox 1940 3108 2099 3205; x_wconf 85' lang='lat' dir='ltr'>liberat,</span> <span class='ocrx_word' id='word_1_279' title='bbox 2117 3122 2157 3188; x_wconf 86' lang='lat' dir='ltr'>et</span> 
     </span>
     <span class='ocr_line' id='line_1_63' title="bbox 1328 3216 2155 3320; baseline 0 -25"><span class='ocrx_word' id='word_1_280' title='bbox 1328 3241 1409 3297; x_wconf 92' lang='lat' dir='ltr'>non</span> <span class='ocrx_word' id='word_1_281' title='bbox 1428 3218 1602 3320; x_wconf 82' lang='lat' dir='ltr'>patioiur</span> <span class='ocrx_word' id='word_1_282' title='bbox 1615 3218 1794 3295; x_wconf 82' lang='lat' dir='ltr'>onimam</span> <span class='ocrx_word' id='word_1_283' title='bbox 1812 3218 1872 3295; x_wconf 84' lang='lat' dir='ltr'>ire</span> <span class='ocrx_word' id='word_1_284' title='bbox 1888 3217 1928 3293; x_wconf 93' lang='lat' dir='ltr'>in</span> <span class='ocrx_word' id='word_1_285' title='bbox 1952 3216 2155 3296; x_wconf 81' lang='lat' dir='ltr'>tonebras.</span> 
     </span>
     <span class='ocr_line' id='line_1_64' title="bbox 1328 3324 2158 3430; baseline -0.002 -25"><span class='ocrx_word' id='word_1_286' title='bbox 1328 3326 1492 3405; x_wconf 85' lang='lat' dir='ltr'>Fidocia</span> <span class='ocrx_word' id='word_1_287' title='bbox 1507 3348 1650 3430; x_wconf 84' lang='lat' dir='ltr'>magua</span> <span class='ocrx_word' id='word_1_288' title='bbox 1663 3326 1738 3405; x_wconf 90' lang='lat' dir='ltr'>erit</span> <span class='ocrx_word' id='word_1_289' title='bbox 1749 3347 1883 3405; x_wconf 89' lang='lat' dir='ltr'>coram</span> <span class='ocrx_word' id='word_1_290' title='bbox 1900 3346 2060 3403; x_wconf 90' lang='lat' dir='ltr'>summo</span> <span class='ocrx_word' id='word_1_291' title='bbox 2074 3324 2158 3403; x_wconf 80' lang='lat' dir='ltr'>ileo</span> 
     </span>
     <span class='ocr_line' id='line_1_65' title="bbox 1329 3432 2158 3535; baseline -0.004 -21"><span class='ocrx_word' id='word_1_292' title='bbox 1329 3436 1582 3535; x_wconf 81' lang='lat' dir='ltr'>eleemosyna</span> <span class='ocrx_word' id='word_1_293' title='bbox 1599 3434 1788 3513; x_wconf 89' lang='lat' dir='ltr'>omnibus</span> <span class='ocrx_word' id='word_1_294' title='bbox 1803 3432 2041 3511; x_wconf 81' lang='lat' dir='ltr'>iccioniibns</span> <span class='ocrx_word' id='word_1_295' title='bbox 2058 3452 2158 3511; x_wconf 89' lang='lat' dir='ltr'>eam.</span> 
     </span>
     <span class='ocr_line' id='line_1_66' title="bbox 1382 3538 2160 3634; baseline -0.019 0"><span class='ocrx_word' id='word_1_296' title='bbox 1382 3549 1591 3634; x_wconf 72' lang='lat' dir='ltr'>lirodualo.</span> <span class='ocrx_word' id='word_1_297' title='bbox 1620 3548 1724 3627; x_wconf 80' lang='lat' dir='ltr'>Eccl.</span> <span class='ocrx_word' id='word_1_298' title='bbox 1746 3552 1806 3624; x_wconf 79' lang='lat' dir='ltr'>di.</span> <span class='ocrx_word' id='word_1_299' title='bbox 1844 3548 1945 3624; x_wconf 82' lang='lat' dir='ltr'>Ecce</span> <span class='ocrx_word' id='word_1_300' title='bbox 1972 3538 2160 3619; x_wconf 79' lang='lat' dir='ltr'>sacordos</span> 
     </span>
     <span class='ocr_line' id='line_1_67' title="bbox 1331 3646 2160 3754; baseline -0.007 -24"><span class='ocrx_word' id='word_1_301' title='bbox 1331 3650 1586 3754; x_wconf 84' lang='lat' dir='ltr'>magnus,qui</span> <span class='ocrx_word' id='word_1_302' title='bbox 1597 3650 1637 3728; x_wconf 91' lang='lat' dir='ltr'>iu</span> <span class='ocrx_word' id='word_1_303' title='bbox 1654 3647 1797 3728; x_wconf 81' lang='lat' dir='ltr'>diebus</span> <span class='ocrx_word' id='word_1_304' title='bbox 1809 3648 1893 3728; x_wconf 86' lang='lat' dir='ltr'>suis</span> <span class='ocrx_word' id='word_1_305' title='bbox 1904 3646 2160 3748; x_wconf 80' lang='lat' dir='ltr'>plocuitlleo.</span> 
     </span>
     <span class='ocr_line' id='line_1_68' title="bbox 1332 3753 2160 3857; baseline -0.006 -18"><span class='ocrx_word' id='word_1_306' title='bbox 1332 3779 1368 3856; x_wconf 65' lang='lat' dir='ltr'>u,</span> <span class='ocrx_word' id='word_1_307' title='bbox 1410 3761 1496 3839; x_wconf 90' lang='lat' dir='ltr'>Non</span> <span class='ocrx_word' id='word_1_308' title='bbox 1525 3768 1585 3838; x_wconf 86' lang='lat' dir='ltr'>est</span> <span class='ocrx_word' id='word_1_309' title='bbox 1617 3757 1800 3836; x_wconf 76' lang='lat' dir='ltr'>innodius</span> <span class='ocrx_word' id='word_1_310' title='bbox 1818 3756 1962 3835; x_wconf 91' lang='lat' dir='ltr'>similis</span> <span class='ocrx_word' id='word_1_311' title='bbox 1985 3753 2061 3854; x_wconf 90' lang='lat' dir='ltr'>illi,</span> <span class='ocrx_word' id='word_1_312' title='bbox 2092 3758 2160 3857; x_wconf 91' lang='lat' dir='ltr'>qui</span> 
     </span>
     <span class='ocr_line' id='line_1_69' title="bbox 1330 3865 1925 3968; baseline -0.02 -19"><span class='ocrx_word' id='word_1_313' title='bbox 1330 3867 1584 3950; x_wconf 75' lang='lat' dir='ltr'>conserviret</span> <span class='ocrx_word' id='word_1_314' title='bbox 1609 3865 1736 3968; x_wconf 82' lang='lat' dir='ltr'>legem</span> <span class='ocrx_word' id='word_1_315' title='bbox 1757 3865 1925 3944; x_wconf 83' lang='lat' dir='ltr'>Excolsi.</span> 
     </span>
    </p>

    <p class='ocr_par' dir='ltr' id='par_1_24' title="bbox 1331 3967 2163 4283">
     <span class='ocr_line' id='line_1_70' title="bbox 1382 3967 2163 4072; baseline -0.012 -17"><span class='ocrx_word' id='word_1_316' title='bbox 1382 3975 1568 4072; x_wconf 62' lang='lat' dir='ltr'>Alleloia,</span> <span class='ocrx_word' id='word_1_317' title='bbox 1593 3973 1765 4053; x_wconf 88' lang='lat' dir='ltr'>alleloia.</span> <span class='ocrx_word' id='word_1_318' title='bbox 1785 3985 1820 4062; x_wconf 72' lang='lat' dir='ltr'>u.</span> <span class='ocrx_word' id='word_1_319' title='bbox 1835 3985 1892 4058; x_wconf 88' lang='lat' dir='ltr'>Ps.</span> <span class='ocrx_word' id='word_1_320' title='bbox 1913 3967 2163 4070; x_wconf 79' lang='lat' dir='ltr'>lli.Dispor·</span> 
     </span>
     <span class='ocr_line' id='line_1_71' title="bbox 1331 4078 2163 4186; baseline -0.014 -18"><span class='ocrx_word' id='word_1_321' title='bbox 1331 4089 1406 4184; x_wconf 81' lang='lat' dir='ltr'>sii,</span> <span class='ocrx_word' id='word_1_322' title='bbox 1440 4084 1553 4165; x_wconf 86' lang='lat' dir='ltr'>dedit</span> <span class='ocrx_word' id='word_1_323' title='bbox 1590 4082 1835 4186; x_wconf 76' lang='lat' dir='ltr'>pannonibus</span> <span class='ocrx_word' id='word_1_324' title='bbox 1859 4107 1868 4159; x_wconf 92' lang='lat'>:</span> <span class='ocrx_word' id='word_1_325' title='bbox 1892 4078 2047 4180; x_wconf 76' lang='lat' dir='ltr'>justitia</span> <span class='ocrx_word' id='word_1_326' title='bbox 2078 4079 2163 4178; x_wconf 86' lang='lat' dir='ltr'>ejus</span> 
     </span>
     <span class='ocr_line' id='line_1_72' title="bbox 1331 4184 2094 4283; baseline -0.016 -9"><span class='ocrx_word' id='word_1_327' title='bbox 1331 4203 1468 4274; x_wconf 84' lang='lat' dir='ltr'>manet</span> <span class='ocrx_word' id='word_1_328' title='bbox 1479 4196 1520 4273; x_wconf 93' lang='lat' dir='ltr'>in</span> <span class='ocrx_word' id='word_1_329' title='bbox 1535 4192 1727 4272; x_wconf 73' lang='lat' dir='ltr'>seculum</span> <span class='ocrx_word' id='word_1_330' title='bbox 1744 4189 1902 4283; x_wconf 68' lang='lat' dir='ltr'>secula,</span> <span class='ocrx_word' id='word_1_331' title='bbox 1920 4184 2094 4264; x_wconf 88' lang='lat' dir='ltr'>alleloia.</span> 
     </span>
    </p>

    <p class='ocr_par' dir='ltr' id='par_1_25' title="bbox 1387 4283 2161 4413">
     <span class='ocr_line' id='line_1_73' title="bbox 1387 4283 2161 4413; baseline -0.027 -19"><span class='ocrx_word' id='word_1_332' title='bbox 1387 4321 1477 4396; x_wconf 84' lang='lat' dir='ltr'>l‘osi</span> <span class='ocrx_word' id='word_1_333' title='bbox 1491 4319 1668 4413; x_wconf 68' lang='lat' dir='ltr'>septuag.</span> <span class='ocrx_word' id='word_1_334' title='bbox 1690 4307 1847 4383; x_wconf 79' lang='lat' dir='ltr'>omissis</span> <span class='ocrx_word' id='word_1_335' title='bbox 1868 4283 2048 4366; x_wconf 62' lang='lat' dir='ltr'>ollelffifl·</span> <span class='ocrx_word' id='word_1_336' title='bbox 2070 4313 2108 4379; x_wconf 79' lang='lat' dir='ltr'>et</span> <span class='ocrx_word' id='word_1_337' title='bbox 2128 4305 2161 4381; x_wconf 82' lang='lat' dir='ltr'>l.</span> 
     </span>
    </p>
   </div>
   <div class='ocr_carea' id='block_1_20' title="bbox 1333 4401 2165 4622">
    <p class='ocr_par' dir='ltr' id='par_1_26' title="bbox 1333 4401 2165 4622">
     <span class='ocr_line' id='line_1_74' title="bbox 1338 4401 2164 4529; baseline -0.04 -21"><span class='ocrx_word' id='word_1_338' title='bbox 1338 4454 1419 4529; x_wconf 77' lang='lat' dir='ltr'>seq.</span> <span class='ocrx_word' id='word_1_339' title='bbox 1454 4423 1602 4500; x_wconf 86' lang='lat' dir='ltr'>dieiiur</span> <span class='ocrx_word' id='word_1_340' title='bbox 1631 4421 1810 4528; x_wconf 66' lang='lat' dir='ltr'>&#39;laucius</span> <span class='ocrx_word' id='word_1_341' title='bbox 1847 4415 1907 4526; x_wconf 54' lang='lat' dir='ltr'>Ps.</span> <span class='ocrx_word' id='word_1_342' title='bbox 1944 4417 1980 4490; x_wconf 71' lang='lat' dir='ltr'>o.</span> <span class='ocrx_word' id='word_1_343' title='bbox 2020 4401 2164 4521; x_wconf 75' lang='lat' dir='ltr'>ocolus</span> 
     </span>
     <span class='ocr_line' id='line_1_75' title="bbox 1333 4507 2165 4622; baseline -0.022 -21"><span class='ocrx_word' id='word_1_344' title='bbox 1333 4521 1395 4601; x_wconf 78' lang='lat' dir='ltr'>vir</span> <span class='ocrx_word' id='word_1_345' title='bbox 1411 4518 1482 4622; x_wconf 90' lang='lat' dir='ltr'>qui</span> <span class='ocrx_word' id='word_1_346' title='bbox 1499 4516 1615 4596; x_wconf 80' lang='lat' dir='ltr'>limet</span> <span class='ocrx_word' id='word_1_347' title='bbox 1632 4514 1873 4603; x_wconf 76' lang='lat' dir='ltr'>Dominum,</span> <span class='ocrx_word' id='word_1_348' title='bbox 1894 4532 1936 4588; x_wconf 90' lang='lat' dir='ltr'>m</span> <span class='ocrx_word' id='word_1_349' title='bbox 1965 4507 2165 4586; x_wconf 82' lang='lat' dir='ltr'>mundius</span> 
     </span>
    </p>
   </div>
   <div class='ocr_carea' id='block_1_21' title="bbox 1335 4616 2174 5684">
    <p class='ocr_par' dir='ltr' id='par_1_27' title="bbox 1335 4616 2174 5684">
     <span class='ocr_line' id='line_1_76' title="bbox 1337 4616 2167 4730; baseline -0.023 -21"><span class='ocrx_word' id='word_1_350' title='bbox 1337 4631 1422 4730; x_wconf 77' lang='lat' dir='ltr'>eJus</span> <span class='ocrx_word' id='word_1_351' title='bbox 1455 4625 1566 4728; x_wconf 84' lang='lat' dir='ltr'>cupit</span> <span class='ocrx_word' id='word_1_352' title='bbox 1596 4621 1733 4702; x_wconf 90' lang='lat' dir='ltr'>nimis.</span> <span class='ocrx_word' id='word_1_353' title='bbox 1758 4637 1794 4712; x_wconf 63' lang='lat' dir='ltr'>n,</span> <span class='ocrx_word' id='word_1_354' title='bbox 1825 4619 1971 4697; x_wconf 86' lang='lat' dir='ltr'>Potens</span> <span class='ocrx_word' id='word_1_355' title='bbox 1994 4616 2035 4694; x_wconf 92' lang='lat' dir='ltr'>in</span> <span class='ocrx_word' id='word_1_356' title='bbox 2062 4625 2167 4693; x_wconf 82' lang='lat' dir='ltr'>lerra</span> 
     </span>
     <span class='ocr_line' id='line_1_77' title="bbox 1335 4724 2166 4833; baseline -0.022 -17"><span class='ocrx_word' id='word_1_357' title='bbox 1335 4737 1413 4816; x_wconf 85' lang='lat' dir='ltr'>erit</span> <span class='ocrx_word' id='word_1_358' title='bbox 1443 4753 1580 4814; x_wconf 88' lang='lat' dir='ltr'>semen</span> <span class='ocrx_word' id='word_1_359' title='bbox 1607 4733 1713 4832; x_wconf 88' lang='lat' dir='ltr'>ejus,</span> <span class='ocrx_word' id='word_1_360' title='bbox 1731 4726 1934 4833; x_wconf 80' lang='lat' dir='ltr'>generitio</span> <span class='ocrx_word' id='word_1_361' title='bbox 1967 4724 2166 4802; x_wconf 83' lang='lat' dir='ltr'>rectorum</span> 
     </span>
     <span class='ocr_line' id='line_1_78' title="bbox 1337 4829 2166 4939; baseline -0.027 -14"><span class='ocrx_word' id='word_1_362' title='bbox 1337 4841 1607 4926; x_wconf 77' lang='lat' dir='ltr'>benedicetur.</span> <span class='ocrx_word' id='word_1_363' title='bbox 1643 4855 1686 4939; x_wconf 56' lang='lat' dir='ltr'>a.</span> <span class='ocrx_word' id='word_1_364' title='bbox 1720 4834 1856 4916; x_wconf 85' lang='lat' dir='ltr'>Gloria</span> <span class='ocrx_word' id='word_1_365' title='bbox 1877 4843 1919 4912; x_wconf 81' lang='lat' dir='ltr'>et</span> <span class='ocrx_word' id='word_1_366' title='bbox 1945 4830 2096 4909; x_wconf 79' lang='lat' dir='ltr'>diulliae</span> <span class='ocrx_word' id='word_1_367' title='bbox 2126 4829 2166 4904; x_wconf 92' lang='lat' dir='ltr'>in</span> 
     </span>
     <span class='ocr_line' id='line_1_79' title="bbox 1338 4937 2168 5051; baseline -0.027 -18"><span class='ocrx_word' id='word_1_368' title='bbox 1338 4955 1461 5033; x_wconf 91' lang='lat' dir='ltr'>domo</span> <span class='ocrx_word' id='word_1_369' title='bbox 1487 4952 1600 5051; x_wconf 86' lang='lat' dir='ltr'>ejus:</span> <span class='ocrx_word' id='word_1_370' title='bbox 1628 4955 1668 5025; x_wconf 83' lang='lat' dir='ltr'>et</span> <span class='ocrx_word' id='word_1_371' title='bbox 1689 4943 1846 5046; x_wconf 79' lang='lat' dir='ltr'>justitia</span> <span class='ocrx_word' id='word_1_372' title='bbox 1871 4943 1956 5041; x_wconf 86' lang='lat' dir='ltr'>ejus</span> <span class='ocrx_word' id='word_1_373' title='bbox 1975 4945 2111 5015; x_wconf 86' lang='lat' dir='ltr'>manet</span> <span class='ocrx_word' id='word_1_374' title='bbox 2128 4937 2168 5012; x_wconf 91' lang='lat' dir='ltr'>iu</span> 
     </span>
     <span class='ocr_line' id='line_1_80' title="bbox 1337 5054 1692 5143; baseline -0.037 1"><span class='ocrx_word' id='word_1_375' title='bbox 1337 5059 1527 5143; x_wconf 85' lang='lat' dir='ltr'>soeoulum</span> <span class='ocrx_word' id='word_1_376' title='bbox 1544 5054 1692 5136; x_wconf 84' lang='lat' dir='ltr'>saeeuli.</span> 
     </span>
     <span class='ocr_line' id='line_1_81' title="bbox 1339 5150 2169 5274; baseline -0.029 -22"><span class='ocrx_word' id='word_1_377' title='bbox 1339 5169 1564 5274; x_wconf 76' lang='lat' dir='ltr'>sequoutia</span> <span class='ocrx_word' id='word_1_378' title='bbox 1580 5163 1707 5245; x_wconf 82' lang='lat' dir='ltr'>sancti</span> <span class='ocrx_word' id='word_1_379' title='bbox 1728 5159 1929 5262; x_wconf 78' lang='lat' dir='ltr'>Evangelii</span> <span class='ocrx_word' id='word_1_380' title='bbox 1950 5150 2169 5237; x_wconf 83' lang='lat' dir='ltr'>secondum</span> 
     </span>
     <span class='ocr_line' id='line_1_82' title="bbox 1609 5273 1888 5360; baseline -0.032 -8"><span class='ocrx_word' id='word_1_381' title='bbox 1609 5273 1770 5352; x_wconf 88' lang='lat' dir='ltr'>Lucam.</span> <span class='ocrx_word' id='word_1_382' title='bbox 1794 5304 1828 5357; x_wconf 71' lang='grc' dir='ltr'>ρ,</span> <span class='ocrx_word' id='word_1_383' title='bbox 1846 5280 1888 5360; x_wconf 76' lang='lat' dir='ltr'>ss,</span> 
     </span>
     <span class='ocr_line' id='line_1_83' title="bbox 1381 5366 2173 5484; baseline -0.032 -16"><span class='ocrx_word' id='word_1_384' title='bbox 1381 5413 1404 5468; x_wconf 89' lang='lat' dir='ltr'>n</span> <span class='ocrx_word' id='word_1_385' title='bbox 1422 5385 1494 5466; x_wconf 90' lang='lat' dir='ltr'>illo</span> <span class='ocrx_word' id='word_1_386' title='bbox 1511 5384 1693 5484; x_wconf 82' lang='lat' dir='ltr'>tonrpore</span> <span class='ocrx_word' id='word_1_387' title='bbox 1710 5406 1720 5458; x_wconf 75' lang='grc' dir='ltr'><strong><em>ε</em></strong></span> <span class='ocrx_word' id='word_1_388' title='bbox 1740 5377 1851 5457; x_wconf 80' lang='lat' dir='ltr'>Dixit</span> <span class='ocrx_word' id='word_1_389' title='bbox 1862 5375 1980 5456; x_wconf 85' lang='lat' dir='ltr'>lesus</span> <span class='ocrx_word' id='word_1_390' title='bbox 1999 5366 2173 5467; x_wconf 74' lang='lat' dir='ltr'>discipu·</span> 
     </span>
     <span class='ocr_line' id='line_1_84' title="bbox 1398 5474 2174 5576; baseline -0.031 -2"><span class='ocrx_word' id='word_1_391' title='bbox 1398 5497 1450 5576; x_wconf 91' lang='lat' dir='ltr'>lis</span> <span class='ocrx_word' id='word_1_392' title='bbox 1468 5493 1575 5574; x_wconf 89' lang='lat' dir='ltr'>suis:</span> <span class='ocrx_word' id='word_1_393' title='bbox 1602 5489 1739 5570; x_wconf 80' lang='lat' dir='ltr'>Estote</span> <span class='ocrx_word' id='word_1_394' title='bbox 1758 5479 2054 5572; x_wconf 86' lang='lat' dir='ltr'>misericordes,</span> <span class='ocrx_word' id='word_1_395' title='bbox 2067 5474 2174 5554; x_wconf 79' lang='lat' dir='ltr'>sieut</span> 
     </span>
     <span class='ocr_line' id='line_1_85' title="bbox 1337 5581 2173 5684; baseline -0.032 0"><span class='ocrx_word' id='word_1_396' title='bbox 1337 5612 1378 5684; x_wconf 86' lang='lat' dir='ltr'>el</span> <span class='ocrx_word' id='word_1_397' title='bbox 1400 5604 1517 5683; x_wconf 87' lang='lat' dir='ltr'>Pater</span> <span class='ocrx_word' id='word_1_398' title='bbox 1533 5605 1664 5681; x_wconf 83' lang='lat' dir='ltr'>vester</span> <span class='ocrx_word' id='word_1_399' title='bbox 1680 5593 1910 5674; x_wconf 81' lang='lat' dir='ltr'>misericors</span> <span class='ocrx_word' id='word_1_400' title='bbox 1937 5597 2008 5666; x_wconf 88' lang='lat' dir='ltr'>est.</span> <span class='ocrx_word' id='word_1_401' title='bbox 2039 5581 2173 5664; x_wconf 89' lang='lat' dir='ltr'>Nolile</span> 
     </span>
    </p>
   </div>
   <div class='ocr_carea' id='block_1_22' title="bbox 1335 5689 2173 5814">
    <p class='ocr_par' dir='ltr' id='par_1_28' title="bbox 1335 5689 2173 5814">
     <span class='ocr_line' id='line_1_86' title="bbox 1335 5689 2173 5814; baseline -0.035 -20"><span class='ocrx_word' id='word_1_402' title='bbox 1335 5711 1537 5814; x_wconf 78' lang='lat' dir='ltr'>iudicine,</span> <span class='ocrx_word' id='word_1_403' title='bbox 1556 5716 1597 5787; x_wconf 80' lang='lat' dir='ltr'>ei</span> <span class='ocrx_word' id='word_1_404' title='bbox 1619 5727 1702 5786; x_wconf 90' lang='lat' dir='ltr'>non</span> <span class='ocrx_word' id='word_1_405' title='bbox 1721 5695 2030 5804; x_wconf 87' lang='lat' dir='ltr'>judicabimini:</span> <span class='ocrx_word' id='word_1_406' title='bbox 2047 5689 2173 5769; x_wconf 74' lang='lat' dir='ltr'>nolite</span> 
     </span>
    </p>
   </div>
   <div class='ocr_carea' id='block_1_23' title="bbox 428 5796 2172 5956">
    <p class='ocr_par' dir='ltr' id='par_1_29' title="bbox 428 5796 2172 5956">
     <span class='ocr_line' id='line_1_87' title="bbox 428 5796 2172 5956; baseline -0.029 -25"><span class='ocrx_word' id='word_1_407' title='bbox 428 5851 568 5956; x_wconf 74' lang='lat' dir='ltr'>gloria.</span> <span class='ocrx_word' id='word_1_408' title='bbox 598 5861 661 5938; x_wconf 53' lang='lat' dir='ltr'>lis,</span> <span class='ocrx_word' id='word_1_409' title='bbox 697 5863 758 5936; x_wconf 85' lang='lat' dir='ltr'>lo.</span> <span class='ocrx_word' id='word_1_410' title='bbox 794 5841 957 5936; x_wconf 79' lang='lat' dir='ltr'>Belius,</span> <span class='ocrx_word' id='word_1_411' title='bbox 976 5837 1044 5939; x_wconf 91' lang='lat' dir='ltr'>qui</span> <span class='ocrx_word' id='word_1_412' title='bbox 1071 5833 1257 5934; x_wconf 77' lang='lat' dir='ltr'>intelligit</span> <span class='ocrx_word' id='word_1_413' title='bbox 1341 5818 1624 5913; x_wconf 85' lang='lat' dir='ltr'>condemnore,</span> <span class='ocrx_word' id='word_1_414' title='bbox 1643 5823 1681 5893; x_wconf 87' lang='lat' dir='ltr'>et</span> <span class='ocrx_word' id='word_1_415' title='bbox 1694 5833 1773 5891; x_wconf 89' lang='lat' dir='ltr'>non</span> <span class='ocrx_word' id='word_1_416' title='bbox 1789 5796 2172 5888; x_wconf 88' lang='lat' dir='ltr'>condemnabimini.</span> 
     </span>
    </p>
   </div>
   <div class='ocr_carea' id='block_1_24' title="bbox 428 5940 1256 6146">
    <p class='ocr_par' dir='ltr' id='par_1_30' title="bbox 428 5940 1256 6146">
     <span class='ocr_line' id='line_1_88' title="bbox 429 5940 1256 6082; baseline -0.025 -41"><span class='ocrx_word' id='word_1_417' title='bbox 429 5954 747 6082; x_wconf 73' lang='lat' dir='ltr'>superegonum</span> <span class='ocrx_word' id='word_1_418' title='bbox 775 5959 815 6030; x_wconf 86' lang='lat' dir='ltr'>el</span> <span class='ocrx_word' id='word_1_419' title='bbox 842 5949 1090 6070; x_wconf 78' lang='lat' dir='ltr'>piuperem:</span> <span class='ocrx_word' id='word_1_420' title='bbox 1121 5943 1163 6021; x_wconf 91' lang='lat' dir='ltr'>in</span> <span class='ocrx_word' id='word_1_421' title='bbox 1191 5940 1256 6064; x_wconf 83' lang='lat' dir='ltr'>die</span> 
     </span>
     <span class='ocr_line' id='line_1_89' title="bbox 428 6047 1256 6146; baseline -0.024 0"><span class='ocrx_word' id='word_1_422' title='bbox 428 6067 534 6146; x_wconf 89' lang='lat' dir='ltr'>mala</span> <span class='ocrx_word' id='word_1_423' title='bbox 547 6059 734 6144; x_wconf 82' lang='lat' dir='ltr'>liberobii</span> <span class='ocrx_word' id='word_1_424' title='bbox 751 6078 841 6139; x_wconf 92' lang='lat' dir='ltr'>eum</span> <span class='ocrx_word' id='word_1_425' title='bbox 855 6054 1106 6144; x_wconf 58' lang='lat' dir='ltr'>Dominusn,</span> <span class='ocrx_word' id='word_1_426' title='bbox 1122 6047 1256 6129; x_wconf 82' lang='lat' dir='ltr'>Gloria</span> 
     </span>
    </p>
   </div>
   <div class='ocr_carea' id='block_1_25' title="bbox 427 6175 548 6256">
    <p class='ocr_par' dir='ltr' id='par_1_31' title="bbox 427 6175 548 6256">
     <span class='ocr_line' id='line_1_90' title="bbox 427 6175 548 6256; baseline -0.017 -4"><span class='ocrx_word' id='word_1_427' title='bbox 427 6175 548 6256; x_wconf 88' lang='lat' dir='ltr'>Patri.</span> 
     </span>
    </p>
   </div>
   <div class='ocr_carea' id='block_1_26' title="bbox 1340 5904 2171 6118">
    <p class='ocr_par' dir='ltr' id='par_1_32' title="bbox 1340 5904 2171 6118">
     <span class='ocr_line' id='line_1_91' title="bbox 1340 5904 2165 6023; baseline -0.035 -13"><span class='ocrx_word' id='word_1_428' title='bbox 1340 5916 1890 6023; x_wconf 81' lang='lat' dir='ltr'>Dimlilile,etdimittomini.</span> <span class='ocrx_word' id='word_1_429' title='bbox 1916 5913 2028 6007; x_wconf 84' lang='lat' dir='ltr'>Date,</span> <span class='ocrx_word' id='word_1_430' title='bbox 2043 5904 2165 5987; x_wconf 75' lang='lat' dir='ltr'>eldo-</span> 
     </span>
     <span class='ocr_line' id='line_1_92' title="bbox 1341 6021 2171 6118; baseline -0.036 1"><span class='ocrx_word' id='word_1_431' title='bbox 1341 6038 1449 6118; x_wconf 81' lang='lat' dir='ltr'>bitur</span> <span class='ocrx_word' id='word_1_432' title='bbox 1483 6033 1633 6114; x_wconf 85' lang='lat' dir='ltr'>vobis:</span> <span class='ocrx_word' id='word_1_433' title='bbox 1675 6024 1904 6106; x_wconf 83' lang='lat' dir='ltr'>mensorem</span> <span class='ocrx_word' id='word_1_434' title='bbox 1940 6021 2091 6100; x_wconf 89' lang='lat' dir='ltr'>bonam</span> <span class='ocrx_word' id='word_1_435' title='bbox 2132 6021 2171 6091; x_wconf 82' lang='lat' dir='ltr'>el</span> 
     </span>
    </p>
   </div>
   <div class='ocr_carea' id='block_1_27' title="bbox 1342 6117 2170 6238">
    <p class='ocr_par' dir='ltr' id='par_1_33' title="bbox 1342 6117 2170 6238">
     <span class='ocr_line' id='line_1_93' title="bbox 1342 6117 2170 6238; baseline -0.035 -12"><span class='ocrx_word' id='word_1_436' title='bbox 1342 6145 1560 6228; x_wconf 74' lang='lat' dir='ltr'>confortem</span> <span class='ocrx_word' id='word_1_437' title='bbox 1589 6152 1629 6220; x_wconf 82' lang='lat' dir='ltr'>el</span> <span class='ocrx_word' id='word_1_438' title='bbox 1662 6135 1898 6238; x_wconf 81' lang='lat' dir='ltr'>coagilolam</span> <span class='ocrx_word' id='word_1_439' title='bbox 1926 6137 1967 6209; x_wconf 85' lang='lat' dir='ltr'>et</span> <span class='ocrx_word' id='word_1_440' title='bbox 1995 6117 2170 6226; x_wconf 84' lang='lat' dir='ltr'>superel-</span> 
     </span>
    </p>
   </div>
   <div class='ocr_carea' id='block_1_28' title="bbox 0 0 2701 7200">
    <p class='ocr_par' dir='ltr' id='par_1_34' title="bbox 0 0 2701 7200">
     <span class='ocr_line' id='line_1_94' title="bbox 0 0 2701 7200; baseline 0 0"><span class='ocrx_word' id='word_1_441' title='bbox 0 0 2701 7200; x_wconf 95' lang='lat' dir='ltr'> </span> 
     </span>
    </p>
   </div>
  </div>
 </body>
</html>
