<?xml version="1.0" encoding="UTF-8"?>
<!DOCTYPE html PUBLIC "-//W3C//DTD XHTML 1.0 Transitional//EN"
    "http://www.w3.org/TR/xhtml1/DTD/xhtml1-transitional.dtd">
<html xmlns="http://www.w3.org/1999/xhtml" xml:lang="en" lang="en">
 <head>
  <title>
</title>
<meta http-equiv="Content-Type" content="text/html;charset=utf-8" />
  <meta name='ocr-system' content='tesseract 3.04.00' />
  <meta name='ocr-capabilities' content='ocr_page ocr_carea ocr_par ocr_line ocrx_word'/>
</head>
<body>
  <div class='ocr_page' id='page_1' title='image "./officiapropriad00churgoog_0080.png"; bbox 0 0 5325 7200; ppageno 0'>
   <div class='ocr_carea' id='block_1_1' title="bbox 1015 984 1978 1085">
    <p class='ocr_par' dir='ltr' id='par_1_1' title="bbox 1015 984 1978 1085">
     <span class='ocr_line' id='line_1_1' title="bbox 1015 984 1978 1085; baseline 0.006 -31"><span class='ocrx_word' id='word_1_1' title='bbox 1015 1004 1039 1073; x_wconf 79' lang='lat' dir='ltr'><strong>l,</strong></span> <span class='ocrx_word' id='word_1_2' title='bbox 1390 984 1457 1058; x_wconf 90' lang='lat' dir='ltr'><strong>Die</strong></span> <span class='ocrx_word' id='word_1_3' title='bbox 1490 1008 1573 1059; x_wconf 79' lang='lat' dir='ltr'><strong>xxx.</strong></span> <span class='ocrx_word' id='word_1_4' title='bbox 1595 985 1765 1085; x_wconf 76' lang='lat' dir='ltr'><strong>Augusti.</strong></span> <span class='ocrx_word' id='word_1_5' title='bbox 1795 986 1829 1059; x_wconf 88' lang='lat' dir='ltr'><strong>S.</strong></span> <span class='ocrx_word' id='word_1_6' title='bbox 1860 985 1978 1060; x_wconf 83' lang='lat' dir='ltr'><strong>llosae.</strong></span> 
     </span>
    </p>
   </div>
   <div class='ocr_carea' id='block_1_2' title="bbox 914 1128 2359 5608">
    <p class='ocr_par' dir='ltr' id='par_1_2' title="bbox 914 1128 2359 5608">
     <span class='ocr_line' id='line_1_2' title="bbox 1013 1128 2353 1251; baseline -0.009 -36"><span class='ocrx_word' id='word_1_7' title='bbox 1013 1144 1192 1240; x_wconf 76' lang='lat' dir='ltr'><strong>frequens</strong></span> <span class='ocrx_word' id='word_1_8' title='bbox 1210 1136 1396 1212; x_wconf 79' lang='lat' dir='ltr'><strong>Ambrosii</strong></span> <span class='ocrx_word' id='word_1_9' title='bbox 1423 1134 1595 1251; x_wconf 88' lang='lat' dir='ltr'><strong>Episcopi</strong></span> <span class='ocrx_word' id='word_1_10' title='bbox 1614 1158 1665 1207; x_wconf 89' lang='lat' dir='ltr'><strong>es·</strong></span> <span class='ocrx_word' id='word_1_11' title='bbox 1697 1128 1998 1231; x_wconf 79' lang='lat' dir='ltr'><strong>Pelagiauorum‚</strong></span> <span class='ocrx_word' id='word_1_12' title='bbox 2012 1128 2353 1228; x_wconf 78' lang='lat' dir='ltr'><strong>aliorumqueprae-</strong></span> 
     </span>
     <span class='ocr_line' id='line_1_3' title="bbox 1013 1225 2353 1337; baseline -0.01 -22"><span class='ocrx_word' id='word_1_13' title='bbox 1013 1254 1070 1315; x_wconf 89' lang='lat' dir='ltr'><strong>set</strong></span> <span class='ocrx_word' id='word_1_14' title='bbox 1087 1237 1249 1327; x_wconf 89' lang='lat' dir='ltr'><strong>auditor,</strong></span> <span class='ocrx_word' id='word_1_15' title='bbox 1266 1236 1346 1335; x_wconf 79' lang='lat' dir='ltr'><strong>ejus</strong></span> <span class='ocrx_word' id='word_1_16' title='bbox 1363 1234 1476 1337; x_wconf 79' lang='lat' dir='ltr'><strong>ripera</strong></span> <span class='ocrx_word' id='word_1_17' title='bbox 1489 1236 1663 1308; x_wconf 83' lang='lat' dir='ltr'><strong>incensus</strong></span> <span class='ocrx_word' id='word_1_18' title='bbox 1698 1232 1803 1306; x_wconf 72' lang='lat' dir='ltr'><strong>terea</strong></span> <span class='ocrx_word' id='word_1_19' title='bbox 1819 1225 2083 1316; x_wconf 83' lang='lat' dir='ltr'><strong>baereticrirum</strong></span> <span class='ocrx_word' id='word_1_20' title='bbox 2109 1231 2238 1304; x_wconf 79' lang='lat' dir='ltr'><strong>errore</strong></span> <span class='ocrx_word' id='word_1_21' title='bbox 2265 1253 2353 1302; x_wconf 86' lang='lat' dir='ltr'><strong>ma·</strong></span> 
     </span>
     <span class='ocr_line' id='line_1_4' title="bbox 1014 1326 2174 1432; baseline -0.009 -20"><span class='ocrx_word' id='word_1_22' title='bbox 1014 1338 1138 1413; x_wconf 83' lang='lat' dir='ltr'><strong>stridio</strong></span> <span class='ocrx_word' id='word_1_23' title='bbox 1168 1336 1369 1411; x_wconf 77' lang='lat' dir='ltr'><strong>Catholicae</strong></span> <span class='ocrx_word' id='word_1_24' title='bbox 1394 1334 1512 1425; x_wconf 88' lang='lat' dir='ltr'><strong>fidei,</strong></span> <span class='ocrx_word' id='word_1_25' title='bbox 1545 1356 1664 1407; x_wconf 85' lang='lat' dir='ltr'><strong>annos</strong></span> <span class='ocrx_word' id='word_1_26' title='bbox 1698 1355 1775 1432; x_wconf 88' lang='lat' dir='ltr'><strong>gua</strong></span> <span class='ocrx_word' id='word_1_27' title='bbox 1791 1354 1837 1405; x_wconf 81' lang='lat' dir='ltr'><strong>ex</strong></span> <span class='ocrx_word' id='word_1_28' title='bbox 1855 1342 1962 1429; x_wconf 91' lang='lat' dir='ltr'><strong>parte</strong></span> <span class='ocrx_word' id='word_1_29' title='bbox 1989 1326 2174 1403; x_wconf 75' lang='lat' dir='ltr'><strong>liberavit.</strong></span> 
     </span>
     <span class='ocr_line' id='line_1_5' title="bbox 1016 1428 2123 1532; baseline -0.01 -17"><span class='ocrx_word' id='word_1_30' title='bbox 1016 1452 1128 1515; x_wconf 88' lang='lat' dir='ltr'><strong>natus</strong></span> <span class='ocrx_word' id='word_1_31' title='bbox 1151 1438 1197 1511; x_wconf 90' lang='lat' dir='ltr'><strong>tri</strong></span> <span class='ocrx_word' id='word_1_32' title='bbox 1227 1435 1306 1509; x_wconf 86' lang='lat' dir='ltr'><strong>iota</strong></span> <span class='ocrx_word' id='word_1_33' title='bbox 1324 1449 1400 1509; x_wconf 89' lang='lat' dir='ltr'><strong>tres</strong></span> <span class='ocrx_word' id='word_1_34' title='bbox 1418 1433 1467 1508; x_wconf 90' lang='lat' dir='ltr'><strong>ab</strong></span> <span class='ocrx_word' id='word_1_35' title='bbox 1490 1434 1573 1532; x_wconf 91' lang='lat' dir='ltr'><strong>ipso</strong></span> <span class='ocrx_word' id='word_1_36' title='bbox 1594 1430 1664 1505; x_wconf 87' lang='lat' dir='ltr'><strong>ba·</strong></span> <span class='ocrx_word' id='word_1_37' title='bbox 1929 1428 2057 1505; x_wconf 88' lang='lat' dir='ltr'><strong>Lectio</strong></span> <span class='ocrx_word' id='word_1_38' title='bbox 2073 1430 2123 1529; x_wconf 87' lang='lat' dir='ltr'><strong>vj.</strong></span> 
     </span>
     <span class='ocr_line' id='line_1_6' title="bbox 1015 1460 2354 1706; baseline -0.007 -95"><span class='ocrx_word' id='word_1_39' title='bbox 1015 1460 1391 1637; x_wconf 70' lang='lat' dir='ltr'><strong>ptizitur.llever·sus</strong></span> <span class='ocrx_word' id='word_1_40' title='bbox 1415 1535 1455 1607; x_wconf 91' lang='lat' dir='ltr'><strong>in</strong></span> <span class='ocrx_word' id='word_1_41' title='bbox 1479 1532 1663 1629; x_wconf 81' lang='lat' dir='ltr'><strong>Africam,</strong></span> <span class='ocrx_word' id='word_1_42' title='bbox 1702 1535 1811 1706; x_wconf 74' lang='lat' dir='ltr'><strong>Tur</strong></span> <span class='ocrx_word' id='word_1_43' title='bbox 1837 1533 1959 1608; x_wconf 86' lang='lat' dir='ltr'><strong>multa</strong></span> <span class='ocrx_word' id='word_1_44' title='bbox 1980 1532 2053 1631; x_wconf 88' lang='lat' dir='ltr'><strong>pie,</strong></span> <span class='ocrx_word' id='word_1_45' title='bbox 2084 1527 2290 1621; x_wconf 70' lang='lat' dir='ltr'><strong>subtiliter,</strong></span> <span class='ocrx_word' id='word_1_46' title='bbox 2315 1540 2354 1601; x_wconf 90' lang='lat' dir='ltr'><strong>et</strong></span> 
     </span>
     <span class='ocr_line' id='line_1_7' title="bbox 1016 1632 1666 1735; baseline -0.014 -24"><span class='ocrx_word' id='word_1_47' title='bbox 1016 1662 1103 1711; x_wconf 93' lang='lat' dir='ltr'><strong>cum</strong></span> <span class='ocrx_word' id='word_1_48' title='bbox 1131 1634 1311 1735; x_wconf 78' lang='lat' dir='ltr'><strong>religione</strong></span> <span class='ocrx_word' id='word_1_49' title='bbox 1346 1634 1431 1707; x_wconf 79' lang='lat' dir='ltr'><strong>vitae</strong></span> <span class='ocrx_word' id='word_1_50' title='bbox 1460 1632 1666 1706; x_wconf 79' lang='lat' dir='ltr'><strong>sanctimo-</strong></span> 
     </span>
     <span class='ocr_line' id='line_1_8' title="bbox 1017 1729 2355 1833; baseline -0.006 -24"><span class='ocrx_word' id='word_1_51' title='bbox 1017 1737 1120 1809; x_wconf 91' lang='lat' dir='ltr'><strong>niam</strong></span> <span class='ocrx_word' id='word_1_52' title='bbox 1152 1734 1416 1833; x_wconf 83' lang='lat' dir='ltr'><strong>conjungens,</strong></span> <span class='ocrx_word' id='word_1_53' title='bbox 1452 1757 1476 1805; x_wconf 86' lang='lat' dir='ltr'><strong>a</strong></span> <span class='ocrx_word' id='word_1_54' title='bbox 1516 1730 1666 1809; x_wconf 78' lang='lat' dir='ltr'><strong>Valerio</strong></span> <span class='ocrx_word' id='word_1_55' title='bbox 1700 1729 2355 1806; x_wconf 74' lang='lat' dir='ltr'><strong>uamdoetrinammaximeilluatra·</strong></span> 
     </span>
     <span class='ocr_line' id='line_1_9' title="bbox 1015 1829 2351 1931; baseline -0.007 -22"><span class='ocrx_word' id='word_1_56' title='bbox 1015 1849 1114 1909; x_wconf 76' lang='lat' dir='ltr'><strong>notae</strong></span> <span class='ocrx_word' id='word_1_57' title='bbox 1131 1832 1339 1907; x_wconf 83' lang='lat' dir='ltr'><strong>sauctititis</strong></span> <span class='ocrx_word' id='word_1_58' title='bbox 1363 1831 1548 1931; x_wconf 85' lang='lat' dir='ltr'><strong>Episcopo</strong></span> <span class='ocrx_word' id='word_1_59' title='bbox 1573 1830 1666 1928; x_wconf 91' lang='lat' dir='ltr'><strong>llip·</strong></span> <span class='ocrx_word' id='word_1_60' title='bbox 1701 1829 1762 1902; x_wconf 88' lang='lat' dir='ltr'><strong>rit.</strong></span> <span class='ocrx_word' id='word_1_61' title='bbox 1780 1831 1899 1924; x_wconf 84' lang='lat' dir='ltr'><strong>Quem</strong></span> <span class='ocrx_word' id='word_1_62' title='bbox 1919 1829 2103 1928; x_wconf 86' lang='lat' dir='ltr'><strong>inprimis</strong></span> <span class='ocrx_word' id='word_1_63' title='bbox 2119 1831 2351 1913; x_wconf 86' lang='lat' dir='ltr'><strong>secritisunt,</strong></span> 
     </span>
     <span class='ocr_line' id='line_1_10' title="bbox 1016 1928 2355 2033; baseline -0.006 -25"><span class='ocrx_word' id='word_1_64' title='bbox 1016 1934 1174 2033; x_wconf 74' lang='lat' dir='ltr'><strong>portensi</strong></span> <span class='ocrx_word' id='word_1_65' title='bbox 1205 1932 1399 2031; x_wconf 67' lang='lat' dir='ltr'><strong>presbyter</strong></span> <span class='ocrx_word' id='word_1_66' title='bbox 1427 1931 1553 2005; x_wconf 84' lang='lat' dir='ltr'><strong>factus</strong></span> <span class='ocrx_word' id='word_1_67' title='bbox 1594 1942 1663 2002; x_wconf 91' lang='lat' dir='ltr'><strong>est.</strong></span> <span class='ocrx_word' id='word_1_68' title='bbox 1701 1930 1765 2025; x_wconf 93' lang='lat' dir='ltr'><strong>qui</strong></span> <span class='ocrx_word' id='word_1_69' title='bbox 1779 1931 1908 2028; x_wconf 80' lang='lat' dir='ltr'><strong>postea</strong></span> <span class='ocrx_word' id='word_1_70' title='bbox 1921 1929 2172 2029; x_wconf 81' lang='lat' dir='ltr'><strong>theologicam</strong></span> <span class='ocrx_word' id='word_1_71' title='bbox 2186 1928 2355 2027; x_wconf 84' lang='lat' dir='ltr'><strong>discipli·</strong></span> 
     </span>
     <span class='ocr_line' id='line_1_11' title="bbox 1018 2026 2352 2130; baseline -0.006 -23"><span class='ocrx_word' id='word_1_72' title='bbox 1018 2036 1100 2128; x_wconf 88' lang='lat' dir='ltr'><strong>Quo</strong></span> <span class='ocrx_word' id='word_1_73' title='bbox 1119 2032 1288 2130; x_wconf 70' lang='lat' dir='ltr'><strong>tempore</strong></span> <span class='ocrx_word' id='word_1_74' title='bbox 1305 2028 1491 2105; x_wconf 88' lang='lat' dir='ltr'><strong>familiam</strong></span> <span class='ocrx_word' id='word_1_75' title='bbox 1505 2026 1668 2102; x_wconf 90' lang='lat' dir='ltr'><strong>instituit</strong></span> <span class='ocrx_word' id='word_1_76' title='bbox 1701 2051 1791 2101; x_wconf 91' lang='lat' dir='ltr'><strong>nam</strong></span> <span class='ocrx_word' id='word_1_77' title='bbox 1807 2030 1868 2103; x_wconf 80' lang='lat' dir='ltr'><strong>via</strong></span> <span class='ocrx_word' id='word_1_78' title='bbox 1885 2042 1923 2102; x_wconf 91' lang='lat' dir='ltr'><strong>et</strong></span> <span class='ocrx_word' id='word_1_79' title='bbox 1939 2028 2085 2102; x_wconf 80' lang='lat' dir='ltr'><strong>ratione</strong></span> <span class='ocrx_word' id='word_1_80' title='bbox 2099 2027 2352 2101; x_wconf 75' lang='lat' dir='ltr'><strong>tradiderunt.</strong></span> 
     </span>
     <span class='ocr_line' id='line_1_12' title="bbox 920 2125 2355 2232; baseline -0.004 -27"><span class='ocrx_word' id='word_1_81' title='bbox 920 2216 927 2224; x_wconf 19' lang='lat'>⁵</span> <span class='ocrx_word' id='word_1_82' title='bbox 1017 2132 1307 2232; x_wconf 80' lang='lat' dir='ltr'><strong>Religiosrirum,</strong></span> <span class='ocrx_word' id='word_1_83' title='bbox 1324 2126 1549 2231; x_wconf 80' lang='lat' dir='ltr'><strong>quibuscum</strong></span> <span class='ocrx_word' id='word_1_84' title='bbox 1566 2128 1667 2201; x_wconf 87' lang='lat' dir='ltr'><strong>victu</strong></span> <span class='ocrx_word' id='word_1_85' title='bbox 1700 2127 1898 2201; x_wconf 80' lang='lat' dir='ltr'><strong>Wrintlalis</strong></span> <span class='ocrx_word' id='word_1_86' title='bbox 1912 2126 2076 2213; x_wconf 76' lang='lat' dir='ltr'><strong>Africam</strong></span> <span class='ocrx_word' id='word_1_87' title='bbox 2088 2125 2188 2200; x_wconf 94' lang='lat' dir='ltr'><strong>bello</strong></span> <span class='ocrx_word' id='word_1_88' title='bbox 2199 2127 2355 2201; x_wconf 77' lang='lat' dir='ltr'><strong>vastin-</strong></span> 
     </span>
     <span class='ocr_line' id='line_1_13' title="bbox 1019 2224 2353 2326; baseline -0.007 -19"><span class='ocrx_word' id='word_1_89' title='bbox 1019 2231 1241 2320; x_wconf 74' lang='lat' dir='ltr'><strong>communi,</strong></span> <span class='ocrx_word' id='word_1_90' title='bbox 1293 2229 1501 2326; x_wconf 75' lang='lat' dir='ltr'><strong>eodemque</strong></span> <span class='ocrx_word' id='word_1_91' title='bbox 1563 2226 1668 2300; x_wconf 90' lang='lat' dir='ltr'><strong>cultu</strong></span> <span class='ocrx_word' id='word_1_92' title='bbox 1702 2224 1864 2309; x_wconf 73' lang='lat' dir='ltr'><strong>tibuaet</strong></span> <span class='ocrx_word' id='word_1_93' title='bbox 1877 2228 2088 2326; x_wconf 81' lang='lat' dir='ltr'><strong>Hipponem</strong></span> <span class='ocrx_word' id='word_1_94' title='bbox 2109 2225 2261 2300; x_wconf 77' lang='lat' dir='ltr'><strong>tertium</strong></span> <span class='ocrx_word' id='word_1_95' title='bbox 2270 2226 2353 2325; x_wconf 85' lang='lat' dir='ltr'><strong>jam</strong></span> 
     </span>
     <span class='ocr_line' id='line_1_14' title="bbox 1020 2322 2354 2426; baseline -0.004 -25"><span class='ocrx_word' id='word_1_96' title='bbox 1020 2345 1142 2419; x_wconf 86' lang='lat' dir='ltr'><strong>utens,</strong></span> <span class='ocrx_word' id='word_1_97' title='bbox 1175 2354 1238 2403; x_wconf 90' lang='lat' dir='ltr'><strong>eos</strong></span> <span class='ocrx_word' id='word_1_98' title='bbox 1268 2328 1316 2401; x_wconf 88' lang='lat' dir='ltr'><strong>ad</strong></span> <span class='ocrx_word' id='word_1_99' title='bbox 1345 2326 1557 2426; x_wconf 76' lang='lat' dir='ltr'><strong>apostolice</strong></span> <span class='ocrx_word' id='word_1_100' title='bbox 1583 2326 1668 2399; x_wconf 82' lang='lat' dir='ltr'><strong>virae</strong></span> <span class='ocrx_word' id='word_1_101' title='bbox 1702 2350 1869 2421; x_wconf 82' lang='lat' dir='ltr'><strong>mensem</strong></span> <span class='ocrx_word' id='word_1_102' title='bbox 1884 2322 2354 2405; x_wconf 72' lang='lat' dir='ltr'><strong>obsidentibusiniebrim</strong></span> 
     </span>
     <span class='ocr_line' id='line_1_15' title="bbox 1018 2416 2356 2527; baseline -0.004 -22"><span class='ocrx_word' id='word_1_103' title='bbox 1018 2428 1274 2527; x_wconf 78' lang='lat' dir='ltr'><strong>doctrinaeque</strong></span> <span class='ocrx_word' id='word_1_104' title='bbox 1313 2425 1552 2524; x_wconf 80' lang='lat' dir='ltr'><strong>disciplinam</strong></span> <span class='ocrx_word' id='word_1_105' title='bbox 1585 2416 1848 2499; x_wconf 70' lang='lat' dir='ltr'><strong>dili-lincidit.</strong></span> <span class='ocrx_word' id='word_1_106' title='bbox 1869 2429 1998 2524; x_wconf 87' lang='lat' dir='ltr'><strong>ltaque</strong></span> <span class='ocrx_word' id='word_1_107' title='bbox 2013 2449 2101 2498; x_wconf 89' lang='lat' dir='ltr'><strong>cum</strong></span> <span class='ocrx_word' id='word_1_108' title='bbox 2125 2424 2356 2499; x_wconf 83' lang='lat' dir='ltr'><strong>disce&#39;ssumc</strong></span> 
     </span>
     <span class='ocr_line' id='line_1_16' title="bbox 914 2523 2352 2629; baseline -0.004 -26"><span class='ocrx_word' id='word_1_109' title='bbox 914 2562 923 2570; x_wconf 95' lang='lat'><strong>·</strong></span> <span class='ocrx_word' id='word_1_110' title='bbox 1018 2525 1465 2629; x_wconf 81' lang='lat' dir='ltr'><strong>gentissimeerudie&#39;bat.</strong></span> <span class='ocrx_word' id='word_1_111' title='bbox 1489 2523 1666 2598; x_wconf 89' lang='lat' dir='ltr'><strong>Sedcum</strong></span> <span class='ocrx_word' id='word_1_112' title='bbox 1701 2526 1779 2597; x_wconf 85' lang='lat' dir='ltr'><strong>vita</strong></span> <span class='ocrx_word' id='word_1_113' title='bbox 1813 2525 1884 2598; x_wconf 87' lang='lat' dir='ltr'><strong>sibi</strong></span> <span class='ocrx_word' id='word_1_114' title='bbox 1923 2524 2065 2598; x_wconf 79' lang='lat' dir='ltr'><strong>instrire</strong></span> <span class='ocrx_word' id='word_1_115' title='bbox 2098 2524 2352 2625; x_wconf 77' lang='lat' dir='ltr'><strong>intelligeret,</strong></span> 
     </span>
     <span class='ocr_line' id='line_1_17' title="bbox 1018 2622 2356 2723; baseline -0.004 -22"><span class='ocrx_word' id='word_1_116' title='bbox 1018 2629 1054 2701; x_wconf 92' lang='lat' dir='ltr'><strong>vi</strong></span> <span class='ocrx_word' id='word_1_117' title='bbox 1082 2628 1163 2701; x_wconf 74' lang='lat' dir='ltr'><strong>eret</strong></span> <span class='ocrx_word' id='word_1_118' title='bbox 1183 2623 1476 2699; x_wconf 78' lang='lat' dir='ltr'><strong>Manicbaerirum</strong></span> <span class='ocrx_word' id='word_1_119' title='bbox 1495 2623 1664 2709; x_wconf 76' lang='lat' dir='ltr'><strong>haeresis,</strong></span> <span class='ocrx_word' id='word_1_120' title='bbox 1703 2624 1869 2699; x_wconf 84' lang='lat' dir='ltr'><strong>Psalmos</strong></span> <span class='ocrx_word' id='word_1_121' title='bbox 1886 2623 2020 2711; x_wconf 84' lang='lat' dir='ltr'><strong>David,</strong></span> <span class='ocrx_word' id='word_1_122' title='bbox 2036 2623 2101 2721; x_wconf 90' lang='lat' dir='ltr'><strong>qui</strong></span> <span class='ocrx_word' id='word_1_123' title='bbox 2114 2622 2356 2723; x_wconf 84' lang='lat' dir='ltr'><strong>adpoeuite&#39;n·</strong></span> 
     </span>
     <span class='ocr_line' id='line_1_18' title="bbox 1019 2654 2355 2824; baseline -0.001 -27"><span class='ocrx_word' id='word_1_124' title='bbox 1019 2654 1278 2801; x_wconf 69' lang='lat' dir='ltr'><strong>veliementius</strong></span> <span class='ocrx_word' id='word_1_125' title='bbox 1317 2725 1358 2797; x_wconf 90' lang='lat' dir='ltr'><strong>in</strong></span> <span class='ocrx_word' id='word_1_126' title='bbox 1395 2723 1499 2796; x_wconf 90' lang='lat' dir='ltr'><strong>illam</strong></span> <span class='ocrx_word' id='word_1_127' title='bbox 1541 2722 1668 2797; x_wconf 87' lang='lat' dir='ltr'><strong>invehi</strong></span> <span class='ocrx_word' id='word_1_128' title='bbox 1703 2723 1797 2803; x_wconf 86' lang='lat' dir='ltr'><strong>tiam</strong></span> <span class='ocrx_word' id='word_1_129' title='bbox 1830 2725 2047 2824; x_wconf 72' lang='lat' dir='ltr'><strong>pertinent,</strong></span> <span class='ocrx_word' id='word_1_130' title='bbox 2080 2725 2119 2795; x_wconf 91' lang='lat' dir='ltr'><strong>in</strong></span> <span class='ocrx_word' id='word_1_131' title='bbox 2150 2723 2355 2821; x_wconf 87' lang='lat' dir='ltr'><strong>conspe&#39;ctu</strong></span> 
     </span>
     <span class='ocr_line' id='line_1_19' title="bbox 1019 2820 2355 2926; baseline -0.004 -25"><span class='ocrx_word' id='word_1_132' title='bbox 1019 2828 1156 2926; x_wconf 87' lang='lat' dir='ltr'><strong>coepit,</strong></span> <span class='ocrx_word' id='word_1_133' title='bbox 1190 2823 1517 2922; x_wconf 77' lang='lat' dir='ltr'><strong>Fortunatumque</strong></span> <span class='ocrx_word' id='word_1_134' title='bbox 1550 2822 1671 2897; x_wconf 84' lang='lat' dir='ltr'><strong>baere·</strong></span> <span class='ocrx_word' id='word_1_135' title='bbox 1703 2820 2355 2922; x_wconf 71' lang='lat' dir='ltr'><strong>positosprofusislicrpmislegebat.</strong></span> 
     </span>
     <span class='ocr_line' id='line_1_20' title="bbox 1020 2920 2355 3010; baseline -0.006 -10"><span class='ocrx_word' id='word_1_136' title='bbox 1020 2924 1206 3001; x_wconf 78' lang='lat' dir='ltr'><strong>siarcbam</strong></span> <span class='ocrx_word' id='word_1_137' title='bbox 1224 2920 1443 2997; x_wconf 71' lang='lat' dir='ltr'><strong>confutavit.</strong></span> <span class='ocrx_word' id='word_1_138' title='bbox 1690 2922 1852 2996; x_wconf 82' lang='lat' dir='ltr'><strong>.sote&#39;bar</strong></span> <span class='ocrx_word' id='word_1_139' title='bbox 1868 2922 2355 3010; x_wconf 73' lang='lat' dir='ltr'><strong>autemdicerememinem,</strong></span> 
     </span>
     <span class='ocr_line' id='line_1_21' title="bbox 1248 3016 2358 3095; baseline 0.006 -8"><span class='ocrx_word' id='word_1_140' title='bbox 1248 3016 1374 3094; x_wconf 83' lang='lat' dir='ltr'><strong>Lectio</strong></span> <span class='ocrx_word' id='word_1_141' title='bbox 1397 3039 1433 3090; x_wconf 81' lang='lat' dir='ltr'><strong>r.</strong></span> <span class='ocrx_word' id='word_1_142' title='bbox 1703 3024 1771 3095; x_wconf 89' lang='lat' dir='ltr'><strong>etsi</strong></span> <span class='ocrx_word' id='word_1_143' title='bbox 1787 3020 1927 3095; x_wconf 91' lang='lat' dir='ltr'><strong>nullius</strong></span> <span class='ocrx_word' id='word_1_144' title='bbox 1940 3021 2089 3095; x_wconf 89' lang='lat' dir='ltr'><strong>sce&#39;leris</strong></span> <span class='ocrx_word' id='word_1_145' title='bbox 2102 3020 2171 3095; x_wconf 87' lang='lat' dir='ltr'><strong>sibi</strong></span> <span class='ocrx_word' id='word_1_146' title='bbox 2186 3020 2358 3095; x_wconf 78' lang='lat' dir='ltr'><strong>conscius</strong></span> 
     </span>
     <span class='ocr_line' id='line_1_22' title="bbox 1028 3118 2358 3295; baseline -0.004 -99"><span class='ocrx_word' id='word_1_147' title='bbox 1028 3127 1150 3295; x_wconf 75' lang='lat' dir='ltr'><strong>Hie</strong></span> <span class='ocrx_word' id='word_1_148' title='bbox 1171 3120 1372 3223; x_wconf 76' lang='lat' dir='ltr'><strong>Augustini</strong></span> <span class='ocrx_word' id='word_1_149' title='bbox 1398 3120 1537 3220; x_wconf 75' lang='lat' dir='ltr'><strong>pietate</strong></span> <span class='ocrx_word' id='word_1_150' title='bbox 1563 3144 1670 3194; x_wconf 90' lang='lat' dir='ltr'><strong>com·</strong></span> <span class='ocrx_word' id='word_1_151' title='bbox 1703 3134 1823 3212; x_wconf 87' lang='lat' dir='ltr'><strong>esset,</strong></span> <span class='ocrx_word' id='word_1_152' title='bbox 1857 3120 2097 3195; x_wconf 85' lang='lat' dir='ltr'><strong>committere</strong></span> <span class='ocrx_word' id='word_1_153' title='bbox 2122 3118 2289 3211; x_wconf 88' lang='lat' dir='ltr'><strong>debe&#39;re,</strong></span> <span class='ocrx_word' id='word_1_154' title='bbox 2314 3133 2358 3192; x_wconf 89' lang='lat' dir='ltr'><strong>ut</strong></span> 
     </span>
     <span class='ocr_line' id='line_1_23' title="bbox 1120 3217 2353 3321; baseline -0.003 -26"><span class='ocrx_word' id='word_1_155' title='bbox 1120 3223 1244 3295; x_wconf 79' lang='lat' dir='ltr'><strong>motus</strong></span> <span class='ocrx_word' id='word_1_156' title='bbox 1261 3220 1444 3310; x_wconf 77' lang='lat' dir='ltr'><strong>Valerius,</strong></span> <span class='ocrx_word' id='word_1_157' title='bbox 1464 3246 1552 3295; x_wconf 88' lang='lat' dir='ltr'><strong>eum</strong></span> <span class='ocrx_word' id='word_1_158' title='bbox 1570 3218 1671 3292; x_wconf 86' lang='lat' dir='ltr'><strong>ad&#39;u·</strong></span> <span class='ocrx_word' id='word_1_159' title='bbox 1703 3222 1784 3294; x_wconf 91' lang='lat' dir='ltr'><strong>sine</strong></span> <span class='ocrx_word' id='word_1_160' title='bbox 1796 3221 2017 3319; x_wconf 84' lang='lat' dir='ltr'><strong>poenite&#39;utia</strong></span> <span class='ocrx_word' id='word_1_161' title='bbox 2029 3217 2211 3321; x_wconf 74' lang='lat' dir='ltr'><strong>migraret</strong></span> <span class='ocrx_word' id='word_1_162' title='bbox 2227 3220 2353 3293; x_wconf 83' lang='lat' dir='ltr'><strong>evita.</strong></span> 
     </span>
     <span class='ocr_line' id='line_1_24' title="bbox 1022 3246 2357 3421; baseline -0.004 -25"><span class='ocrx_word' id='word_1_163' title='bbox 1022 3322 1141 3397; x_wconf 79' lang='lat' dir='ltr'><strong>torem</strong></span> <span class='ocrx_word' id='word_1_164' title='bbox 1160 3318 1335 3394; x_wconf 84' lang='lat' dir='ltr'><strong>adhibuit</strong></span> <span class='ocrx_word' id='word_1_165' title='bbox 1351 3319 1571 3418; x_wconf 75' lang='lat' dir='ltr'><strong>episcopalis</strong></span> <span class='ocrx_word' id='word_1_166' title='bbox 1587 3246 1672 3391; x_wconf 68' lang='lat' dir='ltr'><strong>oll&#39;·</strong></span> <span class='ocrx_word' id='word_1_167' title='bbox 1703 3322 1806 3421; x_wconf 84' lang='lat' dir='ltr'><strong>Ergo</strong></span> <span class='ocrx_word' id='word_1_168' title='bbox 1821 3320 1991 3393; x_wconf 90' lang='lat' dir='ltr'><strong>se&#39;nsibus</strong></span> <span class='ocrx_word' id='word_1_169' title='bbox 2006 3319 2163 3420; x_wconf 79' lang='lat' dir='ltr'><strong>integris</strong></span> <span class='ocrx_word' id='word_1_170' title='bbox 2179 3374 2189 3408; x_wconf 93' lang='lat'><strong>,</strong></span> <span class='ocrx_word' id='word_1_171' title='bbox 2208 3320 2250 3393; x_wconf 92' lang='lat' dir='ltr'><strong>in</strong></span> <span class='ocrx_word' id='word_1_172' title='bbox 2267 3342 2357 3391; x_wconf 87' lang='lat' dir='ltr'><strong>ora·</strong></span> 
     </span>
     <span class='ocr_line' id='line_1_25' title="bbox 1022 3417 2356 3511; baseline -0.003 -16"><span class='ocrx_word' id='word_1_173' title='bbox 1022 3421 1084 3495; x_wconf 91' lang='lat' dir='ltr'><strong>cii.</strong></span> <span class='ocrx_word' id='word_1_174' title='bbox 1117 3418 1220 3495; x_wconf 87' lang='lat' dir='ltr'><strong>Nihil</strong></span> <span class='ocrx_word' id='word_1_175' title='bbox 1250 3420 1314 3491; x_wconf 93' lang='lat' dir='ltr'><strong>illo</strong></span> <span class='ocrx_word' id='word_1_176' title='bbox 1349 3419 1421 3493; x_wconf 84' lang='lat' dir='ltr'><strong>fuit</strong></span> <span class='ocrx_word' id='word_1_177' title='bbox 1460 3418 1667 3511; x_wconf 85' lang='lat' dir='ltr'><strong>humilius,</strong></span> <span class='ocrx_word' id='word_1_178' title='bbox 1705 3420 1807 3493; x_wconf 79' lang='lat' dir='ltr'><strong>tione</strong></span> <span class='ocrx_word' id='word_1_179' title='bbox 1824 3418 1985 3507; x_wconf 80' lang='lat' dir='ltr'><strong>delirus,</strong></span> <span class='ocrx_word' id='word_1_180' title='bbox 2006 3417 2215 3493; x_wconf 76' lang='lat' dir='ltr'><strong>astantibus</strong></span> <span class='ocrx_word' id='word_1_181' title='bbox 2232 3418 2356 3491; x_wconf 78' lang='lat' dir='ltr'><strong>fratri·</strong></span> 
     </span>
     <span class='ocr_line' id='line_1_26' title="bbox 1022 3516 2358 3618; baseline -0.001 -26"><span class='ocrx_word' id='word_1_182' title='bbox 1022 3519 1118 3593; x_wconf 92' lang='lat' dir='ltr'><strong>nibil</strong></span> <span class='ocrx_word' id='word_1_183' title='bbox 1151 3518 1419 3594; x_wconf 89' lang='lat' dir='ltr'><strong>contine&#39;ntius.</strong></span> <span class='ocrx_word' id='word_1_184' title='bbox 1457 3517 1593 3595; x_wconf 82' lang='lat' dir='ltr'><strong>Lectus</strong></span> <span class='ocrx_word' id='word_1_185' title='bbox 1627 3542 1671 3591; x_wconf 89' lang='lat' dir='ltr'><strong>ac</strong></span> <span class='ocrx_word' id='word_1_186' title='bbox 1704 3518 1788 3616; x_wconf 84' lang='lat' dir='ltr'><strong>bus,</strong></span> <span class='ocrx_word' id='word_1_187' title='bbox 1808 3544 1900 3618; x_wconf 92' lang='lat' dir='ltr'><strong>quos</strong></span> <span class='ocrx_word' id='word_1_188' title='bbox 1914 3518 1962 3591; x_wconf 89' lang='lat' dir='ltr'><strong>ad</strong></span> <span class='ocrx_word' id='word_1_189' title='bbox 1980 3516 2217 3608; x_wconf 78' lang='lat' dir='ltr'><strong>charitatem,</strong></span> <span class='ocrx_word' id='word_1_190' title='bbox 2235 3518 2358 3617; x_wconf 76' lang='lat' dir='ltr'><strong>pictai-</strong></span> 
     </span>
     <span class='ocr_line' id='line_1_27' title="bbox 1021 3617 2359 3733; baseline -0.003 -39"><span class='ocrx_word' id='word_1_191' title='bbox 1021 3620 1176 3694; x_wconf 87' lang='lat' dir='ltr'><strong>vestitus</strong></span> <span class='ocrx_word' id='word_1_192' title='bbox 1224 3617 1464 3709; x_wconf 77' lang='lat' dir='ltr'><strong>moderatus,</strong></span> <span class='ocrx_word' id='word_1_193' title='bbox 1507 3618 1671 3719; x_wconf 77' lang='lat' dir='ltr'><strong>vulgaris</strong></span> <span class='ocrx_word' id='word_1_194' title='bbox 1706 3633 1797 3708; x_wconf 89' lang='lat' dir='ltr'><strong>tem,</strong></span> <span class='ocrx_word' id='word_1_195' title='bbox 1831 3618 2060 3733; x_wconf 77' lang='lat' dir='ltr'><strong>virtutesque</strong></span> <span class='ocrx_word' id='word_1_196' title='bbox 2099 3643 2232 3692; x_wconf 88' lang='lat' dir='ltr'><strong>omnes</strong></span> <span class='ocrx_word' id='word_1_197' title='bbox 2275 3631 2359 3691; x_wconf 83' lang='lat' dir='ltr'><strong>erat</strong></span> 
     </span>
     <span class='ocr_line' id='line_1_28' title="bbox 1023 3715 2354 3819; baseline -0.003 -27"><span class='ocrx_word' id='word_1_198' title='bbox 1023 3743 1165 3803; x_wconf 87' lang='lat' dir='ltr'><strong>mensa,</strong></span> <span class='ocrx_word' id='word_1_199' title='bbox 1185 3742 1299 3818; x_wconf 94' lang='lat' dir='ltr'><strong>quam</strong></span> <span class='ocrx_word' id='word_1_200' title='bbox 1326 3741 1475 3815; x_wconf 88' lang='lat' dir='ltr'><strong>semper</strong></span> <span class='ocrx_word' id='word_1_201' title='bbox 1489 3742 1596 3791; x_wconf 90' lang='lat' dir='ltr'><strong>sacra</strong></span> <span class='ocrx_word' id='word_1_202' title='bbox 1612 3719 1671 3791; x_wconf 88' lang='lat' dir='ltr'><strong>vel</strong></span> <span class='ocrx_word' id='word_1_203' title='bbox 1706 3715 1941 3808; x_wconf 71' lang='lat' dir='ltr'><strong>adhortatus,</strong></span> <span class='ocrx_word' id='word_1_204' title='bbox 1957 3719 2183 3819; x_wconf 72' lang='lat' dir='ltr'><strong>migraritiu</strong></span> <span class='ocrx_word' id='word_1_205' title='bbox 2202 3717 2354 3792; x_wconf 90' lang='lat' dir='ltr'><strong>coeluru.</strong></span> 
     </span>
     <span class='ocr_line' id='line_1_29' title="bbox 1022 3815 2355 3916; baseline -0.003 -24"><span class='ocrx_word' id='word_1_206' title='bbox 1022 3819 1203 3902; x_wconf 79' lang='lat' dir='ltr'><strong>lectione,</strong></span> <span class='ocrx_word' id='word_1_207' title='bbox 1231 3815 1290 3889; x_wconf 84' lang='lat' dir='ltr'><strong>rel</strong></span> <span class='ocrx_word' id='word_1_208' title='bbox 1307 3815 1560 3914; x_wconf 78' lang='lat' dir='ltr'><strong>disputatione</strong></span> <span class='ocrx_word' id='word_1_209' title='bbox 1577 3842 1670 3891; x_wconf 91' lang='lat' dir='ltr'><strong>con·</strong></span> <span class='ocrx_word' id='word_1_210' title='bbox 1704 3818 1808 3894; x_wconf 84' lang='lat' dir='ltr'><strong>Vixit</strong></span> <span class='ocrx_word' id='word_1_211' title='bbox 1824 3842 1942 3891; x_wconf 89' lang='lat' dir='ltr'><strong>annos</strong></span> <span class='ocrx_word' id='word_1_212' title='bbox 1964 3817 2202 3916; x_wconf 83' lang='lat' dir='ltr'><strong>septuaginta</strong></span> <span class='ocrx_word' id='word_1_213' title='bbox 2219 3841 2297 3910; x_wconf 87' lang='lat' dir='ltr'><strong>sex,</strong></span> <span class='ocrx_word' id='word_1_214' title='bbox 2314 3817 2355 3888; x_wconf 93' lang='lat' dir='ltr'><strong>iu</strong></span> 
     </span>
     <span class='ocr_line' id='line_1_30' title="bbox 1025 3915 2358 4018; baseline -0.002 -28"><span class='ocrx_word' id='word_1_215' title='bbox 1025 3916 1166 3992; x_wconf 86' lang='lat' dir='ltr'><strong>die&#39;bat.</strong></span> <span class='ocrx_word' id='word_1_216' title='bbox 1186 3917 1309 3989; x_wconf 87' lang='lat' dir='ltr'><strong>Tanta</strong></span> <span class='ocrx_word' id='word_1_217' title='bbox 1335 3915 1567 4016; x_wconf 77' lang='lat' dir='ltr'><strong>benignitate</strong></span> <span class='ocrx_word' id='word_1_218' title='bbox 1596 3917 1672 3990; x_wconf 85' lang='lat' dir='ltr'><strong>fuit</strong></span> <span class='ocrx_word' id='word_1_219' title='bbox 1706 3917 1929 4016; x_wconf 79' lang='lat' dir='ltr'><strong>Episcopitu</strong></span> <span class='ocrx_word' id='word_1_220' title='bbox 1948 3916 1997 3989; x_wconf 88' lang='lat' dir='ltr'><strong>ud</strong></span> <span class='ocrx_word' id='word_1_221' title='bbox 2015 3916 2170 4018; x_wconf 88' lang='lat' dir='ltr'><strong>triginta</strong></span> <span class='ocrx_word' id='word_1_222' title='bbox 2190 3940 2268 3990; x_wconf 84' lang='lat' dir='ltr'><strong>sex.</strong></span> <span class='ocrx_word' id='word_1_223' title='bbox 2285 3918 2358 3988; x_wconf 85' lang='lat' dir='ltr'><strong>Cu·</strong></span> 
     </span>
     <span class='ocr_line' id='line_1_31' title="bbox 1023 4015 2357 4117; baseline -0.001 -29"><span class='ocrx_word' id='word_1_224' title='bbox 1023 4019 1063 4089; x_wconf 91' lang='lat' dir='ltr'><strong>in</strong></span> <span class='ocrx_word' id='word_1_225' title='bbox 1080 4017 1280 4117; x_wconf 80' lang='lat' dir='ltr'><strong>pauperes.</strong></span> <span class='ocrx_word' id='word_1_226' title='bbox 1300 4028 1345 4088; x_wconf 93' lang='lat' dir='ltr'><strong>ut</strong></span> <span class='ocrx_word' id='word_1_227' title='bbox 1368 4039 1454 4087; x_wconf 90' lang='lat' dir='ltr'><strong>cum</strong></span> <span class='ocrx_word' id='word_1_228' title='bbox 1480 4039 1558 4088; x_wconf 94' lang='lat' dir='ltr'><strong>non</strong></span> <span class='ocrx_word' id='word_1_229' title='bbox 1577 4029 1673 4090; x_wconf 86' lang='lat' dir='ltr'><strong>esset</strong></span> <span class='ocrx_word' id='word_1_230' title='bbox 1700 4016 1906 4116; x_wconf 86' lang='lat' dir='ltr'><strong>juscorpus</strong></span> <span class='ocrx_word' id='word_1_231' title='bbox 1946 4015 2357 4090; x_wconf 89' lang='lat' dir='ltr'><strong>rimuminSardiniam</strong></span> 
     </span>
     <span class='ocr_line' id='line_1_32' title="bbox 1023 4043 2357 4216; baseline -0.001 -28"><span class='ocrx_word' id='word_1_232' title='bbox 1023 4115 1097 4190; x_wconf 76' lang='lat' dir='ltr'><strong>ilia</strong></span> <span class='ocrx_word' id='word_1_233' title='bbox 1113 4115 1287 4204; x_wconf 78' lang='lat' dir='ltr'><strong>facultas,</strong></span> <span class='ocrx_word' id='word_1_234' title='bbox 1303 4115 1671 4216; x_wconf 76' lang='lat' dir='ltr'><strong>sacrauasalrriuge·</strong></span> <span class='ocrx_word' id='word_1_235' title='bbox 1705 4115 1891 4204; x_wconf 75' lang='lat' dir='ltr'><strong>delatum,</strong></span> <span class='ocrx_word' id='word_1_236' title='bbox 1911 4043 2050 4190; x_wconf 80' lang='lat' dir='ltr'><strong>‹leinde</strong></span> <span class='ocrx_word' id='word_1_237' title='bbox 2075 4139 2098 4188; x_wconf 86' lang='lat' dir='ltr'><strong>a</strong></span> <span class='ocrx_word' id='word_1_238' title='bbox 2122 4113 2357 4214; x_wconf 75' lang='lat' dir='ltr'><strong>Luitpranrlo</strong></span> 
     </span>
     <span class='ocr_line' id='line_1_33' title="bbox 1025 4212 2356 4316; baseline -0.001 -29"><span class='ocrx_word' id='word_1_239' title='bbox 1025 4229 1095 4306; x_wconf 89' lang='lat' dir='ltr'><strong>ret,</strong></span> <span class='ocrx_word' id='word_1_240' title='bbox 1115 4213 1313 4288; x_wconf 69' lang='lat' dir='ltr'><strong>aderitum</strong></span> <span class='ocrx_word' id='word_1_241' title='bbox 1339 4212 1672 4311; x_wconf 79' lang='lat' dir='ltr'><strong>inopiamsusteu·</strong></span> <span class='ocrx_word' id='word_1_242' title='bbox 1706 4213 2041 4314; x_wconf 74' lang='lat' dir='ltr'><strong>longobardorum</strong></span> <span class='ocrx_word' id='word_1_243' title='bbox 2085 4237 2174 4314; x_wconf 89' lang='lat' dir='ltr'><strong>rege</strong></span> <span class='ocrx_word' id='word_1_244' title='bbox 2217 4239 2356 4316; x_wconf 87' lang='lat' dir='ltr'><strong>magno</strong></span> 
     </span>
     <span class='ocr_line' id='line_1_34' title="bbox 1024 4313 2354 4414; baseline -0.003 -26"><span class='ocrx_word' id='word_1_245' title='bbox 1024 4313 1193 4388; x_wconf 76' lang='lat' dir='ltr'><strong>tandem.</strong></span> <span class='ocrx_word' id='word_1_246' title='bbox 1218 4313 1486 4402; x_wconf 76' lang='lat' dir='ltr'><strong>Feminarum,</strong></span> <span class='ocrx_word' id='word_1_247' title='bbox 1507 4314 1601 4388; x_wconf 91' lang='lat' dir='ltr'><strong>etin</strong></span> <span class='ocrx_word' id='word_1_248' title='bbox 1619 4315 1671 4388; x_wconf 92' lang='lat' dir='ltr'><strong>eis</strong></span> <span class='ocrx_word' id='word_1_249' title='bbox 1705 4315 1827 4413; x_wconf 88' lang='lat' dir='ltr'><strong>pre&#39;tio</strong></span> <span class='ocrx_word' id='word_1_250' title='bbox 1870 4313 2111 4414; x_wconf 88' lang='lat' dir='ltr'><strong>rede&#39;mptum</strong></span> <span class='ocrx_word' id='word_1_251' title='bbox 2133 4370 2142 4402; x_wconf 90' lang='lat'><strong>,</strong></span> <span class='ocrx_word' id='word_1_252' title='bbox 2179 4313 2354 4386; x_wconf 87' lang='lat' dir='ltr'><strong>Ticinum</strong></span> 
     </span>
     <span class='ocr_line' id='line_1_35' title="bbox 1024 4411 2356 4510; baseline -0.001 -24"><span class='ocrx_word' id='word_1_253' title='bbox 1024 4413 1179 4502; x_wconf 71' lang='lat' dir='ltr'><strong>sortiris,</strong></span> <span class='ocrx_word' id='word_1_254' title='bbox 1201 4426 1239 4486; x_wconf 89' lang='lat' dir='ltr'><strong>et</strong></span> <span class='ocrx_word' id='word_1_255' title='bbox 1255 4412 1382 4485; x_wconf 79' lang='lat' dir='ltr'><strong>fratris</strong></span> <span class='ocrx_word' id='word_1_256' title='bbox 1397 4411 1505 4504; x_wconf 78' lang='lat' dir='ltr'><strong>filiae,</strong></span> <span class='ocrx_word' id='word_1_257' title='bbox 1534 4427 1673 4510; x_wconf 86' lang='lat' dir='ltr'><strong>contu-</strong></span> <span class='ocrx_word' id='word_1_258' title='bbox 1709 4413 1932 4488; x_wconf 71' lang='lat' dir='ltr'><strong>translatum</strong></span> <span class='ocrx_word' id='word_1_259' title='bbox 1952 4426 2029 4503; x_wconf 87' lang='lat' dir='ltr'><strong>est,</strong></span> <span class='ocrx_word' id='word_1_260' title='bbox 2045 4411 2176 4510; x_wconf 89' lang='lat' dir='ltr'><strong>ibique</strong></span> <span class='ocrx_word' id='word_1_261' title='bbox 2201 4411 2356 4486; x_wconf 89' lang='lat' dir='ltr'><strong>honori·</strong></span> 
     </span>
     <span class='ocr_line' id='line_1_36' title="bbox 1026 4507 2004 4610; baseline 0.001 -26"><span class='ocrx_word' id='word_1_262' title='bbox 1026 4511 1200 4585; x_wconf 74' lang='lat' dir='ltr'><strong>bernium</strong></span> <span class='ocrx_word' id='word_1_263' title='bbox 1217 4507 1591 4610; x_wconf 70' lang='lat' dir='ltr'><strong>familiaritatemque</strong></span> <span class='ocrx_word' id='word_1_264' title='bbox 1615 4513 1671 4584; x_wconf 86' lang='lat' dir='ltr'><strong>vi·</strong></span> <span class='ocrx_word' id='word_1_265' title='bbox 1705 4512 1777 4588; x_wconf 87' lang='lat' dir='ltr'><strong>lice</strong></span> <span class='ocrx_word' id='word_1_266' title='bbox 1795 4511 2004 4588; x_wconf 78' lang='lat' dir='ltr'><strong>conditum.</strong></span> 
     </span>
     <span class='ocr_line' id='line_1_37' title="bbox 1026 4608 2354 4782; baseline 0 -97"><span class='ocrx_word' id='word_1_267' title='bbox 1026 4611 1119 4686; x_wconf 77' lang='lat' dir='ltr'><strong>tavit</strong></span> <span class='ocrx_word' id='word_1_268' title='bbox 1138 4639 1146 4684; x_wconf 92' lang='lat'><strong>:</strong></span> <span class='ocrx_word' id='word_1_269' title='bbox 1167 4611 1306 4711; x_wconf 92' lang='lat' dir='ltr'><strong>quippe</strong></span> <span class='ocrx_word' id='word_1_270' title='bbox 1325 4610 1389 4782; x_wconf 88' lang='lat' dir='ltr'><strong>qui</strong></span> <span class='ocrx_word' id='word_1_271' title='bbox 1406 4608 1573 4700; x_wconf 91' lang='lat' dir='ltr'><strong>diceret,</strong></span> <span class='ocrx_word' id='word_1_272' title='bbox 1593 4613 1671 4686; x_wconf 83' lang='lat' dir='ltr'><strong>Etsi</strong></span> <span class='ocrx_word' id='word_1_273' title='bbox 1760 4613 1801 4683; x_wconf 91' lang='lat' dir='ltr'><strong>ln</strong></span> <span class='ocrx_word' id='word_1_274' title='bbox 1829 4611 1881 4712; x_wconf 87' lang='lat' dir='ltr'><strong>iij.</strong></span> <span class='ocrx_word' id='word_1_275' title='bbox 1907 4611 2101 4689; x_wconf 86' lang='lat' dir='ltr'><strong>Nocturna</strong></span> <span class='ocrx_word' id='word_1_276' title='bbox 2129 4613 2293 4689; x_wconf 87' lang='lat' dir='ltr'><strong>Humilia</strong></span> <span class='ocrx_word' id='word_1_277' title='bbox 2321 4621 2354 4687; x_wconf 84' lang='lat' dir='ltr'><strong>in</strong></span> 
     </span>
     <span class='ocr_line' id='line_1_38' title="bbox 1024 4707 2356 4811; baseline -0.001 -28"><span class='ocrx_word' id='word_1_278' title='bbox 1024 4711 1244 4811; x_wconf 81' lang='lat' dir='ltr'><strong>propinquae</strong></span> <span class='ocrx_word' id='word_1_279' title='bbox 1274 4710 1451 4783; x_wconf 84' lang='lat' dir='ltr'><strong>muieres</strong></span> <span class='ocrx_word' id='word_1_280' title='bbox 1493 4710 1672 4809; x_wconf 72' lang='lat' dir='ltr'><strong>suspecta</strong></span> <span class='ocrx_word' id='word_1_281' title='bbox 1712 4711 1856 4810; x_wconf 84' lang='lat' dir='ltr'><strong>Eraug.</strong></span> <span class='ocrx_word' id='word_1_282' title='bbox 1883 4713 1958 4788; x_wconf 87' lang='lat' dir='ltr'><strong>Vos</strong></span> <span class='ocrx_word' id='word_1_283' title='bbox 1984 4707 2281 4802; x_wconf 79' lang='lat' dir='ltr'><strong>estissalterrae,</strong></span> <span class='ocrx_word' id='word_1_284' title='bbox 2312 4717 2356 4784; x_wconf 76' lang='lat' dir='ltr'><strong>rt·</strong></span> 
     </span>
     <span class='ocr_line' id='line_1_39' title="bbox 1024 4809 2152 4910; baseline 0.006 -28"><span class='ocrx_word' id='word_1_285' title='bbox 1024 4835 1101 4884; x_wconf 89' lang='lat' dir='ltr'><strong>uon</strong></span> <span class='ocrx_word' id='word_1_286' title='bbox 1127 4823 1263 4902; x_wconf 86' lang='lat' dir='ltr'><strong>essent,</strong></span> <span class='ocrx_word' id='word_1_287' title='bbox 1290 4822 1421 4882; x_wconf 87' lang='lat' dir='ltr'><strong>tamen</strong></span> <span class='ocrx_word' id='word_1_288' title='bbox 1444 4834 1527 4908; x_wconf 74' lang='lat' dir='ltr'><strong>quae</strong></span> <span class='ocrx_word' id='word_1_289' title='bbox 1543 4809 1673 4885; x_wconf 85' lang='lat' dir='ltr'><strong>adeas</strong></span> <span class='ocrx_word' id='word_1_290' title='bbox 1712 4811 1858 4885; x_wconf 83' lang='lat' dir='ltr'><strong>Comm.</strong></span> <span class='ocrx_word' id='word_1_291' title='bbox 1879 4813 1986 4886; x_wconf 90' lang='lat' dir='ltr'><strong>Doct.</strong></span> <span class='ocrx_word' id='word_1_292' title='bbox 2002 4817 2034 4910; x_wconf 74' lang='lat' dir='ltr'><strong>j.</strong></span> <span class='ocrx_word' id='word_1_293' title='bbox 2054 4813 2152 4889; x_wconf 87' lang='lat' dir='ltr'><strong>loco.</strong></span> 
     </span>
     <span class='ocr_line' id='line_1_40' title="bbox 1026 4909 2356 5006; baseline 0.005 -26"><span class='ocrx_word' id='word_1_294' title='bbox 1026 4911 1266 4996; x_wconf 77' lang='lat' dir='ltr'><strong>ventitarent,</strong></span> <span class='ocrx_word' id='word_1_295' title='bbox 1315 4932 1394 4982; x_wconf 91' lang='lat' dir='ltr'><strong>osse</strong></span> <span class='ocrx_word' id='word_1_296' title='bbox 1424 4909 1672 5006; x_wconf 77' lang='lat' dir='ltr'><strong>suspicionem</strong></span> <span class='ocrx_word' id='word_1_297' title='bbox 1759 4911 1803 4982; x_wconf 90' lang='lat' dir='ltr'><strong>ln</strong></span> <span class='ocrx_word' id='word_1_298' title='bbox 1819 4911 2113 4987; x_wconf 87' lang='lat' dir='ltr'><strong>Laud.fitcom.</strong></span> <span class='ocrx_word' id='word_1_299' title='bbox 2133 4917 2172 4986; x_wconf 86' lang='lat' dir='ltr'><strong>S.</strong></span> <span class='ocrx_word' id='word_1_300' title='bbox 2199 4916 2356 4988; x_wconf 80' lang='lat' dir='ltr'><strong>Hermu-</strong></span> 
     </span>
     <span class='ocr_line' id='line_1_41' title="bbox 1027 4933 2357 5110; baseline 0.005 -28"><span class='ocrx_word' id='word_1_301' title='bbox 1027 5009 1190 5084; x_wconf 86' lang='lat' dir='ltr'><strong>cllicere.</strong></span> <span class='ocrx_word' id='word_1_302' title='bbox 1231 4933 1384 5082; x_wconf 87' lang='lat' dir='ltr'><strong>Nullum</strong></span> <span class='ocrx_word' id='word_1_303' title='bbox 1425 5005 1543 5080; x_wconf 86' lang='lat' dir='ltr'><strong>finem</strong></span> <span class='ocrx_word' id='word_1_304' title='bbox 1584 5008 1674 5083; x_wconf 81' lang='lat' dir='ltr'><strong>fecit</strong></span> <span class='ocrx_word' id='word_1_305' title='bbox 1716 5010 1775 5100; x_wconf 80' lang='lat' dir='ltr'><strong>tis,</strong></span> <span class='ocrx_word' id='word_1_306' title='bbox 1796 5011 1906 5085; x_wconf 83' lang='lat' dir='ltr'><strong>biart.</strong></span> <span class='ocrx_word' id='word_1_307' title='bbox 1926 5011 2018 5085; x_wconf 76' lang='lat' dir='ltr'><strong>Aria.</strong></span> <span class='ocrx_word' id='word_1_308' title='bbox 2041 5014 2113 5110; x_wconf 89' lang='lat' dir='ltr'><strong>Qui</strong></span> <span class='ocrx_word' id='word_1_309' title='bbox 2131 5013 2274 5095; x_wconf 80' lang='lat' dir='ltr'><strong>odit.t.</strong></span> <span class='ocrx_word' id='word_1_310' title='bbox 2296 5019 2357 5090; x_wconf 89' lang='lat' dir='ltr'><strong>Ju-</strong></span> 
     </span>
     <span class='ocr_line' id='line_1_42' title="bbox 1026 5103 2183 5213; baseline 0.008 -32"><span class='ocrx_word' id='word_1_311' title='bbox 1026 5107 1254 5207; x_wconf 83' lang='lat' dir='ltr'><strong>praedicrindi</strong></span> <span class='ocrx_word' id='word_1_312' title='bbox 1282 5108 1350 5180; x_wconf 88' lang='lat' dir='ltr'><strong>Dei</strong></span> <span class='ocrx_word' id='word_1_313' title='bbox 1379 5103 1564 5200; x_wconf 70' lang='lat' dir='ltr'><strong>terbum,</strong></span> <span class='ocrx_word' id='word_1_314' title='bbox 1601 5109 1673 5183; x_wconf 94' lang='lat' dir='ltr'><strong>nisi</strong></span> <span class='ocrx_word' id='word_1_315' title='bbox 1705 5124 1797 5186; x_wconf 79' lang='lat' dir='ltr'><strong>stus.</strong></span> <span class='ocrx_word' id='word_1_316' title='bbox 1818 5108 1961 5185; x_wconf 86' lang='lat' dir='ltr'><strong>Oratio.</strong></span> <span class='ocrx_word' id='word_1_317' title='bbox 1980 5114 2088 5207; x_wconf 79' lang='lat' dir='ltr'><strong>Deus,</strong></span> <span class='ocrx_word' id='word_1_318' title='bbox 2104 5117 2183 5213; x_wconf 91' lang='lat' dir='ltr'><strong>qui.</strong></span> 
     </span>
     <span class='ocr_line' id='line_1_43' title="bbox 1027 5203 2353 5310; baseline 0.002 -30"><span class='ocrx_word' id='word_1_319' title='bbox 1027 5209 1130 5307; x_wconf 80' lang='lat' dir='ltr'><strong>gravi</strong></span> <span class='ocrx_word' id='word_1_320' title='bbox 1147 5206 1279 5281; x_wconf 91' lang='lat' dir='ltr'><strong>morbo</strong></span> <span class='ocrx_word' id='word_1_321' title='bbox 1296 5203 1506 5306; x_wconf 71' lang='lat' dir='ltr'><strong>oppressus.</strong></span> <span class='ocrx_word' id='word_1_322' title='bbox 1522 5207 1675 5282; x_wconf 72' lang='lat' dir='ltr'><strong>Haereti-</strong></span> <span class='ocrx_word' id='word_1_323' title='bbox 1758 5207 1921 5310; x_wconf 87' lang='lat' dir='ltr'><strong>Vesp.de</strong></span> <span class='ocrx_word' id='word_1_324' title='bbox 1934 5234 2013 5310; x_wconf 89' lang='lat' dir='ltr'><strong>seq.</strong></span> <span class='ocrx_word' id='word_1_325' title='bbox 2029 5227 2270 5288; x_wconf 78' lang='lat' dir='ltr'><strong>cumcomut</strong></span> <span class='ocrx_word' id='word_1_326' title='bbox 2287 5213 2353 5286; x_wconf 82' lang='lat' dir='ltr'><strong>int.</strong></span> 
     </span>
     <span class='ocr_line' id='line_1_44' title="bbox 1030 5307 2279 5406; baseline 0.01 -26"><span class='ocrx_word' id='word_1_327' title='bbox 1030 5331 1093 5380; x_wconf 86' lang='lat' dir='ltr'><strong>cos</strong></span> <span class='ocrx_word' id='word_1_328' title='bbox 1110 5308 1291 5406; x_wconf 75' lang='lat' dir='ltr'><strong>perpetuo</strong></span> <span class='ocrx_word' id='word_1_329' title='bbox 1321 5307 1524 5380; x_wconf 69' lang='lat' dir='ltr'><strong>insectatus</strong></span> <span class='ocrx_word' id='word_1_330' title='bbox 1548 5321 1588 5381; x_wconf 91' lang='lat' dir='ltr'><strong>et</strong></span> <span class='ocrx_word' id='word_1_331' title='bbox 1607 5333 1673 5382; x_wconf 89' lang='lat' dir='ltr'><strong>co·</strong></span> <span class='ocrx_word' id='word_1_332' title='bbox 1792 5311 1874 5385; x_wconf 83' lang='lat' dir='ltr'><strong>DIE</strong></span> <span class='ocrx_word' id='word_1_333' title='bbox 1903 5309 2031 5390; x_wconf 79' lang='lat' dir='ltr'><strong>XXX.</strong></span> <span class='ocrx_word' id='word_1_334' title='bbox 2062 5311 2279 5394; x_wconf 81' lang='lat' dir='ltr'><strong>AUGUSTI.</strong></span> 
     </span>
     <span class='ocr_line' id='line_1_45' title="bbox 1031 5404 2281 5511; baseline 0.006 -33"><span class='ocrx_word' id='word_1_335' title='bbox 1031 5429 1125 5498; x_wconf 86' lang='lat' dir='ltr'><strong>ram,</strong></span> <span class='ocrx_word' id='word_1_336' title='bbox 1146 5423 1184 5479; x_wconf 90' lang='lat' dir='ltr'><strong>et</strong></span> <span class='ocrx_word' id='word_1_337' title='bbox 1201 5406 1361 5506; x_wconf 86' lang='lat' dir='ltr'><strong>scriptis,</strong></span> <span class='ocrx_word' id='word_1_338' title='bbox 1385 5429 1430 5478; x_wconf 88' lang='lat' dir='ltr'><strong>ac</strong></span> <span class='ocrx_word' id='word_1_339' title='bbox 1455 5404 1560 5479; x_wconf 92' lang='lat' dir='ltr'><strong>nullo</strong></span> <span class='ocrx_word' id='word_1_340' title='bbox 1589 5405 1673 5481; x_wconf 91' lang='lat' dir='ltr'><strong>loco</strong></span> <span class='ocrx_word' id='word_1_341' title='bbox 1731 5493 1738 5508; x_wconf 31' lang='grc' dir='ltr'>ι</span> <span class='ocrx_word' id='word_1_342' title='bbox 1784 5409 1821 5480; x_wconf 89' lang='lat' dir='ltr'><strong>S.</strong></span> <span class='ocrx_word' id='word_1_343' title='bbox 1841 5407 1960 5502; x_wconf 83' lang='lat' dir='ltr'><strong>Rosae,</strong></span> <span class='ocrx_word' id='word_1_344' title='bbox 1977 5409 2083 5511; x_wconf 86' lang='lat' dir='ltr'><strong>Virg.</strong></span> <span class='ocrx_word' id='word_1_345' title='bbox 2100 5413 2281 5486; x_wconf 71' lang='lat' dir='ltr'><strong>Limane.</strong></span> 
     </span>
     <span class='ocr_line' id='line_1_46' title="bbox 1055 5502 2112 5608; baseline 0.008 -30"><span class='ocrx_word' id='word_1_346' title='bbox 1055 5529 1157 5578; x_wconf 84' lang='lat' dir='ltr'><strong>assus</strong></span> <span class='ocrx_word' id='word_1_347' title='bbox 1188 5505 1419 5596; x_wconf 87' lang='lat' dir='ltr'><strong>consistere,</strong></span> <span class='ocrx_word' id='word_1_348' title='bbox 1446 5502 1616 5580; x_wconf 84' lang='lat' dir='ltr'><strong>Africam</strong></span> <span class='ocrx_word' id='word_1_349' title='bbox 1650 5531 1675 5580; x_wconf 93' lang='lat' dir='ltr'><strong>a</strong></span> <span class='ocrx_word' id='word_1_350' title='bbox 1954 5510 2112 5608; x_wconf 77' lang='lat' dir='ltr'><strong>Duplex.</strong></span> 
     </span>
    </p>
   </div>
   <div class='ocr_carea' id='block_1_3' title="bbox 1066 5583 2353 5703">
    <p class='ocr_par' dir='ltr' id='par_1_3' title="bbox 1066 5583 2353 5703">
     <span class='ocr_line' id='line_1_47' title="bbox 1066 5583 2353 5703; baseline 0.006 -25"><span class='ocrx_word' id='word_1_351' title='bbox 1066 5603 1341 5701; x_wconf 81' lang='lat' dir='ltr'><strong>aniclraerirum,</strong></span> <span class='ocrx_word' id='word_1_352' title='bbox 1369 5583 1693 5703; x_wconf 78' lang='lat' dir='ltr'><strong>Donatistirum,l</strong></span> <span class='ocrx_word' id='word_1_353' title='bbox 1763 5608 1867 5680; x_wconf 88' lang='lat' dir='ltr'><strong>Com.</strong></span> <span class='ocrx_word' id='word_1_354' title='bbox 1888 5609 1951 5684; x_wconf 85' lang='lat' dir='ltr'><strong>SS.</strong></span> <span class='ocrx_word' id='word_1_355' title='bbox 1972 5611 2103 5686; x_wconf 83' lang='lat' dir='ltr'><strong>Felicis</strong></span> <span class='ocrx_word' id='word_1_356' title='bbox 2122 5625 2161 5684; x_wconf 87' lang='lat' dir='ltr'><strong>rt</strong></span> <span class='ocrx_word' id='word_1_357' title='bbox 2177 5609 2353 5686; x_wconf 74' lang='lat' dir='ltr'><strong>Arlaucti.</strong></span> 
     </span>
    </p>
   </div>
   <div class='ocr_carea' id='block_1_4' title="bbox 1773 1630 2353 1731">
    <p class='ocr_par' dir='ltr' id='par_1_4' title="bbox 1773 1630 2353 1731">
     <span class='ocr_line' id='line_1_48' title="bbox 1773 1630 2353 1731; baseline -0.009 -25"><span class='ocrx_word' id='word_1_358' title='bbox 1773 1634 1923 1731; x_wconf 80' lang='lat' dir='ltr'><strong>copiose</strong></span> <span class='ocrx_word' id='word_1_359' title='bbox 1940 1630 2100 1729; x_wconf 87' lang='lat' dir='ltr'><strong>scripsit,</strong></span> <span class='ocrx_word' id='word_1_360' title='bbox 2120 1642 2164 1703; x_wconf 91' lang='lat' dir='ltr'><strong>ut</strong></span> <span class='ocrx_word' id='word_1_361' title='bbox 2175 1630 2353 1704; x_wconf 76' lang='lat' dir='ltr'><strong>christia·</strong></span> 
     </span>
    </p>
   </div>
   <div class='ocr_carea' id='block_1_5' title="bbox 0 0 2685 7200">
    <p class='ocr_par' dir='ltr' id='par_1_5' title="bbox 0 0 2685 7200">
     <span class='ocr_line' id='line_1_49' title="bbox 0 0 2685 7200; baseline 0 0"><span class='ocrx_word' id='word_1_362' title='bbox 0 0 2685 7200; x_wconf 95' lang='lat' dir='ltr'><strong> </strong></span> 
     </span>
    </p>
   </div>
  </div>
 </body>
</html>
