5325 7200
550 792 598 866 su
1148 793 1155 806 ·
1230 797 1398 895 rrrexxj.
1428 797 1621 875 octobris.
1732 775 1739 787 ’

795 963 1132 1044 l’osleummuniu.

556 1089 756 1257 Rernnrr,
774 1081 956 1182 Demiue,
971 1085 1249 1165 benedietibne
1263 1082 1378 1164 coele

628 1191 676 1266 sti
695 1219 702 1268 :
723 1213 952 1291 quaesumus
973 1195 1222 1272 clementium
1249 1203 1377 1286 tuem,

549 1299 612 1389 ut,
632 1296 903 1380 intercedente
929 1303 1046 1380 betto
1074 1302 1187 1382 Gallo
1207 1299 1377 1394 Abbete‚

549 1421 638 1500 qum
686 1405 891 1486 humiliter
934 1411 1130 1513 gerimus,
1167 1407 1380 1487 snlribriler

548 1511 776 1594 sentiemus.
808 1517 880 1596 Per
898 1520 1127 1600 Delminum.

692 1679 705 1686 ·
766 1681 829 1690 ''b-w
844 1683 1010 1696 ——-—.-.—

885 1771 944 1822 lllE
970 1771 1051 1823 xxi.

548 1851 587 1931 S.
617 1854 881 1962 SlllEONlS‚
903 1863 1204 1961 PROPHETAE,
1224 1862 1377 1945 CONF.

744 1968 946 2050 lntroitus.
961 1973 1109 2052 Psulm.
1129 1977 1190 2052 36.

659 2097 676 2149 s
703 2078 802 2177 justi
834 2081 1095 2159 meditdbitur
1122 2081 1376 2184 sapientiem,

549 2090 652 2380 Ο
670 2195 708 2263 et
722 2186 855 2290 lingue
871 2191 955 2290 ejus
970 2189 1156 2291 loquetur
1164 2190 1375 2290 judicium:

672 2299 733 2376 lex
751 2297 824 2375 Dei
844 2297 928 2396 ejus
949 2298 988 2374 in
1008 2291 1129 2376 eorde
1148 2299 1283 2399 ipsius
1318 2301 1385 2377 l‘s„

550 2409 634 2487 Noli
650 2405 828 2487 aemuleri
844 2406 883 2482 in
897 2406 1206 2508 malignentibus
1221 2435 1229 2483 :
1246 2431 1375 2509 neque

544 2514 732 2593 zeleveris
747 2513 935 2592 facientes
951 2514 1213 2616 iniquitetem.
1235 2519 1270 2598 l.
1286 2515 1376 2596 Gib-

546 2623 606 2700 ria
630 2623 746 2702 Patri.

883 2737 1035 2815 Oratio.

550 2869 809 3026 &erroneus
850 2848 1092 2950 sempiterne
1128 2849 1265 2942 Deus,
1302 2850 1371 2951 qui

630 2953 886 3058 Unigenitum
906 2965 1016 3034 tuum
1042 2957 1147 3036 ulnis
1166 2957 1291 3036 saneti
1311 2959 1372 3038 Si·

544 3060 697 3140 mebnis
730 3064 770 3140 in
802 3063 953 3164 templo
977 3074 1114 3143 saneto
1146 3073 1215 3143 tue
1247 3066 1372 3143 susei-

542 3167 735 3269 piendum
751 3172 999 3273 praesentbsti
1017 3201 1025 3249 :
1045 3181 1152 3251 tuem
1169 3171 1371 3273 sdpplines

541 3279 805 3378 deprecemur
845 3280 1110 3378 clementium,
1137 3289 1189 3378 ut,
1228 3304 1276 3360 eo
1312 3283 1372 3359 in·

541 3387 794 3498 terveniente,
821 3389 859 3466 in
893 3389 1045 3490 temple
1073 3399 1211 3468 saneto
1234 3388 1371 3491 gleriae

540 3504 618 3574 tuae
637 3497 870 3597 praesenteri
901 3499 1136 3578 mereemur.
1169 3498 1244 3578 Per
1262 3499 1371 3578 edm·

544 3604 634 3680 dem
656 3604 884 3685 Deminunr.

601 3720 1095 3797 EtfiteomS.liileri0nis
1112 3668 1371 3797 libbomtie.

553 3818 804 3915 intercessio,
843 3843 888 3895 en
916 3820 985 3895 SS.
1026 3818 1179 3895 Ursulte
1209 3829 1247 3893 et
1281 3820 1372 3895 Soc.

545 3917 801 4113 jllirlp(g).collert
820 3928 862 3997 ut
885 3918 925 3993 in
948 3917 1115 4012 llissnli,
1139 3916 1277 3994 eedem
1310 3916 1375 3993 (lie

696 4116 846 4199 lectio
865 4118 957 4199 libri
980 4122 1203 4224 Sapientioe.

861 4224 978 4301 Eruli.
999 4230 1058 4301 51.

547 4360 712 4508 Bessus
730 4336 804 4430 vir,
824 4340 892 4441 qui
908 4340 1090 4421 inventus
1109 4355 1168 4421 est
1187 4344 1272 4423 sine
1291 4346 1372 4424 me·

620 4444 734 4522 eule:
754 4454 792 4523 et
810 4448 879 4547 qui
895 4458 986 4549 post
1004 4472 1144 4530 aurum
1162 4473 1241 4531 non
1259 4452 1370 4551 ibib,

545 4571 617 4627 nee
636 4552 810 4653 sperbvit
837 4556 876 4631 in
901 4557 1071 4657 peednie
1097 4568 1136 4636 et
1158 4559 1367 4639 tuesturis.

545 4658 645 4755 Quis
663 4670 722 4738 est
741 4662 825 4756 bie,
845 4672 883 4741 et
901 4665 1155 4745 laudebimus
1174 4690 1264 4747 eum
1280 4670 1298 4745 l
1315 4666 1371 4745 le·

543 4768 597 4844 cit
627 4772 733 4846 enim
770 4771 972 4851 mirabilia
996 4774 1036 4851 in
1067 4776 1144 4853 vite
1174 4798 1256 4853 suu.
1288 4775 1367 4873 Qui

543 4875 737 4976 probetne
756 4888 815 4957 est
835 4880 874 4957 in
896 4880 989 4979 illo,
1008 4890 1046 4961 et
1064 4884 1262 4983 perlectus
1280 4896 1367 4983 est,

542 4983 617 5061 erit
631 4983 687 5060 illi
704 4984 1004 5086 gldrieaeternn:
1020 4991 1089 5091 qui
1101 4990 1231 5091 pblult
1246 4992 1368 5070 irens-

542 5089 666 5192 gredi,
685 5102 724 5171 et
741 5114 821 5171 non
841 5103 901 5173 est
917 5099 1189 5201 transgressus
1208 5126 1218 5179 ε
1239 5100 1368 5180 fecere

541 5198 660 5295 mele,
680 5208 720 5279 et
738 5223 817 5281 non
833 5204 927 5283 iecit
944 5232 952 5281 :
972 5204 1063 5286 ideo
1082 5208 1257 5286 stabilite
1276 5218 1370 5289 sunt

541 5305 649 5386 bona
662 5306 769 5387 illius
784 5310 823 5387 in
840 5311 1026 5409 utmino,
1045 5322 1083 5393 et
1097 5315 1368 5418 eleemesynes

541 5414 649 5603 illgus
680 5418 884 5499 enerrebit
915 5422 1046 5501 omnis
1067 5423 1242 5503 Ecclesia
1275 5448 1368 5503 sen-

542 5536 577 5601 et
611 5547 710 5604 rum.

593 5639 805 5720 Greduale.
830 5646 889 5719 Ps.
912 5645 974 5719 ul.
1008 5640 1142 5721 iustus
1168 5652 1211 5721 ut
1235 5642 1368 5745 palma

544 5739 729 5821 llorebit:
754 5744 858 5825 sieut
888 5746 1031 5827 cedrus
1064 5748 1204 5827 Libani
1235 5751 1368 5829 multi-

548 5846 765 5946 plieebitur
799 5854 838 5931 in
872 5852 995 5933 domo
1031 5854 1207 5937 Demini.
1234 5860 1270 5938 i.
1307 5859 1368 5938 Ad

541 5958 860 6043 ennuntibndum
897 5984 1014 6041 mene
1049 5963 1368 6045 misericerdiam

542 6070 678 6249 tetrum,
725 6074 764 6147 et
797 6070 1001 6151 ueritetem
1043 6080 1151 6153 tuem
1183 6096 1258 6175 per
1298 6097 1367 6155 no·

542 6193 563 6248 c
583 6192 657 6250 em.

1512 956 1697 1062 tueleta,
1728 959 1944 1042 alleluiui
1976 961 2106 1040 Senex
2122 959 2286 1063 pderum

1463 1073 1658 1204 purtebnt,
1691 1094 1791 1174 puer
1809 1076 1941 1148 eutem
1961 1091 2098 1150 senem
2114 1069 2285 1171 regebat,

1462 1179 1681 1389 &alleluia
1700 1284 1827 1364 saneti
1846 1283 2049 1385 Evangelii
2070 1283 2287 1364 secrindum

1731 1401 1892 1480 Lucem.
1915 1418 1949 1471 c·
1971 1395 2008 1472 2.

1468 1531 1520 1681 lu
1540 1519 1610 1599 ille
1629 1520 1810 1622 tempore
1832 1545 1842 1598 :
1863 1518 1998 1598 Homo
2016 1519 2161 1599 eratin
2179 1521 2290 1600 Jeni·

1516 1627 1652 1727 salem,
1671 1630 1736 1707 cui
1749 1650 1896 1706 nomeu
1915 1627 2092 1724 Simeon,
2109 1637 2151 1708 et
2166 1630 2287 1710 bomo

1461 1735 1534 1816 iste
1543 1739 1675 1838 iustus
1686 1745 1725 1816 et
1738 1736 1961 1830 timeretus,
1974 1736 2188 1837 expectens
2199 1761 2290 1818 een·

1461 1844 1698 1924 soletibnem
1718 1844 1852 1940 lsrael,
1871 1853 1911 1922 et
1933 1843 2110 1944 Spiritus
2129 1857 2289 1926 sanetus

1462 1954 1681 2032 eratineo.
1701 1955 1751 2032 lit
1772 1951 2025 2054 respdnsum.
2040 1953 2287 2056 acceperetu

1460 2059 1611 2162 Spiritu
1634 2061 1794 2159 Sancto,
1820 2083 1902 2140 non
1920 2061 2098 2140 visdrum
2123 2085 2167 2142 se
2185 2085 2287 2144 ntor·

1461 2175 1553 2265 tem,
1573 2169 1651 2248 nisi
1671 2169 1780 2271 prius
1802 2167 1956 2248 uideret
1982 2168 2187 2250 Christum
2204 2172 2287 2252 De·

1461 2278 1577 2356 mini.
1596 2280 1645 2356 Et
1661 2278 1771 2358 uenit
1787 2277 1828 2354 in
1848 2277 1996 2380 spiritu
2014 2277 2057 2356 in
2081 2279 2286 2382 templum.

1461 2386 1509 2464 Et
1526 2407 1618 2464 cum
1632 2385 1868 2465 inducerent
1881 2383 2050 2486 puerum
2067 2386 2207 2466 lesum
2222 2411 2288 2489 pu·

1459 2494 1589 2573 rentes
1623 2495 1733 2594 eius,
1767 2501 1813 2572 ut
1847 2493 2025 2571 sinerent
2065 2494 2285 2574 sedendum

1458 2600 1791 2680 consuetudinem
1819 2599 1918 2702 legis
1936 2621 2011 2698 pro
2030 2621 2106 2679 eo:
2137 2610 2176 2681 et
2203 2604 2286 2704 ipse

1311 2775 1314 2781 .
1458 2707 1614 2810 aceepit
1631 2731 1721 2787 eum
1743 2706 1782 2783 in
1812 2707 1928 2785 uiues
1947 2731 2052 2802 suas,
2069 2715 2109 2786 et
2125 2708 2286 2788 benedi·

1457 2814 1514 2893 xit
1532 2816 1676 2911 Deum,
1690 2823 1729 2892 et
1747 2813 1875 2892 dixit:
1893 2813 2008 2894 Nune
2022 2815 2192 2894 dimittis
2210 2841 2287 2896 ser·

1457 2921 2284 3018 sumtuum,Demine,seerindumverbum

1458 3040 1572 3110 tuum
1599 3031 1638 3108 in
1671 3053 1770 3133 pace
1789 3057 1812 3126 ιε
1843 3031 1940 3132 quie
1963 3030 2153 3110 uiderunt
2181 3031 2286 3112 (iculi

1457 3138 1538 3216 mei
1555 3138 1727 3218 sulutere
1746 3148 1859 3217 tuum
1878 3168 1888 3216 ι
1907 3138 2018 3240 quod
2035 3140 2184 3240 puresti
2198 3149 2287 3220 ente

1457 3245 1599 3325 ficiem
1630 3247 1812 3326 bmnium
1843 3244 2100 3348 populerum.
2137 3247 2285 3328 Lumen

1456 3354 1508 3432 ed
1526 3354 1809 3434 reveletienem
1829 3354 2031 3450 Gentium,
2054 3365 2095 3433 et
2118 3355 2285 3458 glirium

1455 3461 1585 3564 plebis
1617 3470 1696 3548 tuae,
1722 3461 1859 3541 lsrael.
1891 3463 1940 3540 Et
1957 3470 2043 3540 erat
2071 3473 2187 3565 pater
2203 3466 2285 3566 ejus

1459 3578 1498 3650 et
1516 3577 1646 3649 meter
1664 3569 1857 3649 mirentes
1875 3592 1997 3672 super
2014 3569 2089 3668 bis,
2114 3594 2207 3673 quae
2223 3572 2288 3652 di·

1456 3678 1651 3758 cebentur
1669 3678 1719 3757 de
1738 3678 1819 3758 illo.
1841 3680 1891 3757 ut
1908 3679 2112 3757 benedixit
2129 3680 2211 3757 illis
2227 3680 2286 3759 Sl·

1456 3810 1594 3885 me0n‚
1628 3796 1668 3868 et
1699 3788 1800 3866 dixit
1832 3787 1884 3865 ed
1914 3788 2082 3866 lilerium
2118 3800 2283 3867 matrem

1456 3899 1570 3998 eJus:
1600 3896 1702 3975 Eece
1725 3894 1880 3998 pesitus
1898 3905 1959 3975 est
1975 3896 2042 3973 bie
2068 3896 2109 3973 in
2129 3897 2284 3975 ruinem

1456 4016 1496 4085 et
1529 4005 1570 4083 in
1615 4002 1951 4083 resurreetibnem
1992 4002 2214 4083 mulierum
2246 4006 2283 4081 in

1340 4133 1345 4143 ·
1458 4113 1580 4193 lsrael
1599 4112 1725 4191 :etin
1753 4112 1931 4213 signum,
1957 4112 2021 4190 eui
2041 4112 2285 4191 contrudiee

1456 4230 1546 4299 tur:
1565 4230 1605 4298 et
1622 4228 1730 4298 tuem
1750 4219 1877 4321 ipsius
1896 4218 2071 4296 enimam
2088 4231 2287 4321 pertrans·

1456 4328 1531 4407 ibit
1548 4326 1729 4429 gledius‚
1760 4334 1804 4405 ut
1831 4324 2056 4405 revelentur
2073 4349 2121 4405 ex
2152 4328 2284 4406 multis

1456 4434 1646 4515 serdibus
1665 4432 1937 4535 cogitetibnes.

1508 4548 1779 4628 Offerterium.
1815 4550 1875 4626 l’s.
1909 4552 1969 4627 88.
2004 4544 2153 4627 Veritus
2188 4569 2283 4639 ntea,

1454 4661 1494 4729 et
1520 4649 1796 4729 inisericdrdie
1813 4672 1901 4729 men
1919 4673 2011 4728 eum
2030 4653 2119 4752 ipsu
2146 4682 2154 4729 :
2189 4654 2281 4732 etin

1454 4758 1616 4837 nemine
1632 4777 1723 4835 mee
1741 4757 1979 4835 exnltebitur
1998 4780 2125 4837 cornu
2145 4762 2241 4861 ejus.

1784 4871 1958 4949 Secreta.

1512 5004 1614 5059 xenis
1632 4978 1718 5076 tibi,
1737 4980 1921 5076 Demine,
1936 4978 2089 5060 bestius
2104 4982 2282 5062 immole-

1542 5110 1631 5167 mus
1650 5088 1690 5164 in
1715 5089 1875 5167 tuerum
1895 5092 2277 5171 commemoretidue

1452 5195 1691 5275 Snnctbrum
1713 5224 1721 5273 :
1747 5196 1894 5297 quibus
1920 5220 1996 5275 nos
2014 5208 2054 5276 et
2071 5200 2281 5299 presenti·

1452 5304 1528 5384 bus
1546 5302 1635 5383 exui
1663 5303 1781 5382 melis
1796 5303 2057 5403 confidimus,
2072 5316 2112 5385 et
2129 5307 2281 5390 lutiuis.

1454 5410 1529 5491 Per
1547 5412 1777 5491 Deminum.

1510 5534 1762 5613 Communio.
1808 5536 1923 5613 Luem
1957 5538 1996 5611 t.
2036 5531 2281 5635 ltespensum

1452 5638 1607 5741 aceepit
1624 5636 1785 5716 Simeon
1806 5636 1998 5739 eSplritu
2013 5652 2173 5737 ennete,
2203 5664 2279 5720 nou

1451 5748 1629 5827 uisurum
1648 5767 1691 5822 se
1711 5754 1894 5843 mortem,
1910 5746 1986 5824 nisi
2005 5746 2278 5828 uiderethri·

1452 5866 1556 5935 stum
1576 5852 1753 5932 Demini.

1697 5970 2043 6051 postcommunio.

1526 6095 1651 6150 eremi
1668 6070 1761 6151 eibo
1778 6070 1958 6175 potuique
1975 6072 2154 6173 eoelesti,
2173 6074 2275 6155 Deus

1451 6101 1709 6277 Rnoster‚
1739 6187 1776 6260 te
1809 6178 2016 6283 stipplices
2049 6183 2283 6263 exoremus:
