5325 7200
810 962 877 1037 Dic
904 988 940 1036 x.
970 961 1087 1060 April.
1121 964 1162 1035 ln
1193 962 1305 1035 Festo
1333 963 1371 1033 S.
1402 960 1582 1034 Fnlbem,
1973 976 2037 1077 ¹9⁴

296 1120 299 1207 l
371 1114 500 1217 viam.
528 1122 596 1195 Ps.
617 1122 676 1193 88.
722 1114 1008 1195 Misericordiae
1026 1115 1182 1195 Domini
1236 1114 2037 1219 gnamisericordiaDomini‚&propitiatio

297 1210 301 1311 '2
371 1226 408 1301 in
421 1232 620 1302 aetemum
634 1224 813 1301 cantabo.
1132 1280 1136 1289 .
1236 1222 1336 1298 illius
1367 1222 1679 1299 convertentibus
1705 1222 1755 1299 ad
1787 1224 1844 1299 se!
1881 1230 2007 1325 'scrop

298 1326 302 1425 1
408 1332 1170 1432 TemporePasclrali‚omissisGraduali
1226 1326 1587 1431 Pascb.Alleli1ja.)

366 1440 577 1533 &Traclm
595 1439 733 1515 dicitur
750 1467 757 1511 t
1465 1438 1793 1512 postcommunio,

302 1554 303 1591 ³
420 1543 611 1644 alleluja,
642 1542 804 1643 alleluja.
821 1549 860 1640 l.
892 1549 1006 1620 Rom.
1035 1547 1068 1618 5.
1107 1544 1183 1622 Ubi
1323 1566 1414 1636 eus,
1444 1543 1510 1644 qui
1536 1542 1720 1645 corporis
1750 1543 1804 1621 tui
1837 1544 2034 1641 viaticum,

375 1650 593 1729 abundavit
630 1648 829 1745 deitatum,
856 1650 1184 1750 superabundavit
1230 1570 1310 1734 ,D
1346 1648 1550 1750 insignum
1573 1652 1747 1752 perfodite
1763 1650 2047 1731 reconciliato

376 1754 865 1860 gratiaAllelujalaPsbfi.
885 1756 1180 1852 venitenudite,
1236 1754 1309 1850 nis,
1339 1754 1473 1834 Mariae
1492 1758 1689 1859 poenitenti
1708 1758 1834 1857 largiri
1853 1756 2034 1836 voluisti:

376 1866 611 1957 enarrabo,
634 1882 770 1939 omnes
792 1861 859 1962 qui
879 1860 1019 1940 timetis
1041 1866 1180 1957 Deum,
1236 1878 1389 1963 praesta,
1420 1888 1643 1964 quaesumus
1651 1893 1662 1959 ;
1689 1878 1732 1941 ut
1767 1865 1833 1965 qui
1858 1866 1934 1941 hoc
1962 1883 2037 1943 tuae

376 1987 517 2073 quanta
538 1969 632 2046 fecit
651 1968 789 2045 animae
807 1992 919 2046 meae.
942 1971 1118 2071 AlleluJa.
1238 1969 1406 2047 caritatis
1418 1971 1554 2071 pignus
1568 1970 1803 2072 accepimus,
1817 1972 1911 2049 tanti
1927 1972 2039 2049 bene·

370 2087 413 2185 ᾧ
443 2074 657 2179 Sequentia
683 2074 804 2153 sandi
828 2072 1026 2179 Evangelii
1051 2080 1185 2158 secun·
1236 2076 1314 2153 ficii
1346 2078 1512 2155 iruetum
1527 2078 1689 2155 fideliter
1710 2086 1941 2155 conservare
1962 2104 2038 2156 me·

468 2182 573 2261 dum
586 2182 829 2260 Matthaeum.
841 2184 977 2260 Matth.
1006 2184 1062 2259 13.
1237 2187 1405 2259 reamur.
1424 2184 1502 2280 Qui
1518 2183 1613 2261 vivis
1628 2188 1662 2269 8(
1677 2208 1825 2283 regnas.

373 2316 445 2489 In
457 2288 525 2366 illo
536 2296 731 2389 tempore:
747 2288 850 2365 Dixit
861 2290 974 2366 lesus
987 2288 1183 2391 discipulis

445 2398 525 2473 suis
555 2394 783 2497 parabolam
811 2396 939 2472 hanc:
969 2396 1099 2474 Simile
1127 2410 1185 2472 est
1565 2372 1644 2437 ¹³¹5
1665 2372 1709 2437 X·

378 2527 534 2605 regnum
547 2504 743 2580 coelorum
755 2502 938 2579 thesauro
953 2502 1183 2579 abscondito
1542 2500 1547 2544 ¹
1554 2500 1575 2545 Ν
1604 2496 1720 2547 FESTO

377 2613 414 2687 in
427 2633 536 2710 οξτο,
563 2632 682 2709 quem
701 2607 768 2708 qui
791 2607 939 2685 invenit
951 2610 1072 2685 homo
1099 2610 1184 2685 abs·
1401 2593 1590 2671 SANCTI
1618 2592 1878 2671 FULBERTl

378 2714 518 2810 condit,
552 2716 587 2791 8(
615 2737 693 2815 prae
712 2713 853 2813 gaudio
876 2714 979 2791 illlus
1000 2715 1119 2810 vadit,
1148 2722 1182 2793 &
1333 2728 1449 2777 nrrsc.
1481 2728 1644 2779 cmrnur.
1675 2728 1722 2777 ar
1749 2726 1926 2777 conasse.

378 2822 504 2901 rendit
544 2822 728 2899 universa
754 2844 841 2925 quae
870 2822 1000 2916 habet,
1028 2826 1062 2897 8(
1090 2822 1183 2898 emit
1411 2820 1602 2895 Introitus.
1632 2818 1750 2895 Eccli.
1783 2820 1840 2916 39.

379 2956 507 3031 agrum
522 2930 648 3006 illum.
662 2929 804 3005 ltemm
820 2928 942 3004 simile
953 2941 1010 3005 est
1021 2950 1181 3029 regnum
1255 3019 1257 3029 ,
1283 2965 1403 3034 „esf
1458 2954 1523 3008 rsa
1537 2948 1737 3032 tamquam
1750 2931 1894 3009 imbres
1917 2930 2039 3025 mittet

378 3034 727 3115 coelorumhomini
741 3035 982 3134 negotiatori,
999 3036 1182 3136 quaerenti
1253 3038 1276 3138 ἒι
1309 3038 1321 3079 ·'
1353 3021 1422 3110 Μ’
1461 3037 1614 3139 eloquia
1670 3037 1865 3139 sapientiae
1923 3060 2037 3133 suae3

378 3148 496 3221 bonas
516 3150 758 3241 margaritas.
781 3145 1081 3219 luventaautem
1103 3168 1182 3218 una
1251 3135 1281 3226 ·(’1
1307 3169 1322 3242 4'
1353 3145 1417 3250 5⁸,
1461 3140 1542 3246 ipse
1574 3144 1703 3245 palam
1731 3143 1844 3220 faciet
1877 3143 2041 3246 discipli·

378 3250 544 3353 pretiosa
572 3254 793 3347 margarita,
824 3246 931 3336 abiit,
959 3248 1183 3327 &vendidit
1398 3245 1417 3284 '⁸
1461 3270 1553 3327 nam
1583 3250 1766 3327 doetrinae
1797 3270 1891 3343 sue,
1930 3256 1964 3331 &
2000 3248 2038 3325 in

378 3357 505 3434 omnia
530 3378 621 3457 quae
644 3354 792 3448 habuit,
821 3354 971 3431 &emit
986 3378 1088 3431 eam.
1109 3357 1181 3431 lte·
1237 3360 1316 3457 lege
1351 3356 1567 3434 testamenti
1603 3354 1761 3431 Domini
1800 3354 2035 3454 gloriabitur.

378 3490 459 3540 rum
490 3462 621 3540 simile
646 3478 703 3537 est
723 3483 883 3561 regnum
907 3460 1096 3537 coelorum
1125 3486 1183 3536 sa·
1239 3468 1394 3569 (Temp.
1440 3468 1573 3543 Pasch.
1631 3462 1808 3561 alleluja,
1854 3463 2037 3563 alleluja.)

379 3580 478 3670 genae
490 3570 624 3646 missae
636 3566 675 3644 in
688 3586 810 3662 mare,
826 3567 1035 3645 &exomni
1045 3577 1181 3668 genere
1233 3581 1294 3653 ps,
1310 3603 1373 3678 70,
1399 3572 1517 3664 Deus,
1533 3566 1698 3645 docuisti
1713 3590 1775 3642 me
1802 3590 1825 3642 a
1843 3568 2038 3667 iuventute

378 3678 539 3780 piscium
561 3673 822 3776 congreganti,
848 3699 969 3776 quam
999 3695 1090 3751 cum
1114 3675 1183 3751 im·
1237 3701 1325 3754 mea
1343 3704 1351 3752 :
1370 3699 1493 3777 usque
1515 3699 1617 3751 nunc
1640 3672 1898 3774 pronuntiabo
1925 3676 2038 3751 mira-

379 3787 475 3886 pleta
495 3799 614 3876 esset,
640 3781 862 3876 educentes,
888 3786 922 3860 bc
948 3807 1059 3860 secus
1077 3781 1181 3859 littus
1239 3783 1329 3862 bilia
1342 3793 1470 3884 tuap.
1492 3783 1625 3859 Gloria
1638 3780 1753 3856 Patri.

379 3892 575 3982 sedentes,
606 3889 798 3988 elegerunt
834 3892 960 3966 bonos
996 3889 1034 3964 in
1070 3915 1178 3984 vasa,
1558 3891 1704 3967 Oratio.

309 4088 310 4098 ἵ
380 4001 500 4075 malos
520 4015 654 4073 autem
678 3997 782 4074 foras
799 3995 998 4072 miserunt.
1028 3995 1090 4072 Sic
1112 3996 1182 4072 erit
1321 4015 1409 4089 aua,
1447 3993 1513 4098 qui
1553 3993 1769 4072 Ecclesiam
1798 4011 1905 4073 tuam
1938 3993 2037 4068 beati
2161 4072 2167 4082 ,

309 4117 311 4204 ³.
379 4105 416 4181 in
449 4103 791 4181 consummatione
830 4103 986 4178 saeculi:
1026 4105 1183 4178 exibunt
1347 4101 1515 4180 Fulberti
1555 4101 1798 4178 Contessoris
1828 4101 1882 4179 tui
1923 4113 2038 4199 atque

310 4205 311 4298 ζ
380 4211 528 4310 angeli,
543 4211 577 4285 8(
593 4209 826 4309 separabunt
840 4209 964 4284 malos
988 4207 1036 4283 de
1051 4208 1180 4284 medio
1237 4207 1447 4303 Pontificis,
1474 4205 1688 4284 illuminare
1711 4207 1887 4307 dignatus
1906 4231 1947 4282 es
1962 4213 2039 4281 me·

381 4319 583 4415 justorum,
603 4319 637 4390 8(
655 4315 806 4391 mittent
824 4338 893 4391 eos
912 4315 952 4390 in
982 4314 1181 4391 caminum
1236 4317 1317 4393 ritis
1336 4319 1369 4393 8(
1386 4314 1587 4392 (Ιοέἲτῑῃίεε
1612 4315 1797 4410 concede,
1826 4311 2034 4416 propitius;

382 4423 472 4522 ignis
486 4449 496 4497 ι
511 4421 563 4497 ibi
574 4421 645 4496 erit
657 4421 769 4498 fletus
785 4425 819 4496 8(
833 4419 975 4498 stridor
992 4419 1178 4495 dentium.
1235 4440 1292 4519 ut,
1318 4427 1400 4525 ejus
1413 4421 1603 4524 exemplo,
1625 4419 1776 4498 leelioni
1798 4425 1831 4497 8(
1854 4421 2037 4498 doctrine

309 4553 310 4556 ’
383 4527 619 4606 intellexistis
645 4529 729 4603 haec
757 4525 917 4604 omnia?
950 4527 1092 4602 Dicunt
1121 4524 1178 4602 ei:
1237 4530 1487 4626 attendentes,
1515 4527 1635 4606 vitam
1667 4535 1862 4630 percipere
1889 4534 2036 4606 merea·-

309 4714 310 4718 ,
382 4637 519 4712 Etiam.
554 4633 620 4710 Ait
646 4633 743 4708 illis:
773 4633 865 4710 ldeo
894 4632 1022 4708 omnis
1056 4633 1182 4710 scriba
1237 4661 1325 4712 mur
1338 4643 1534 4712 aeternnm.
1553 4636 1626 4710 Per
1637 4633 1863 4711 Dominum.

381 4742 516 4820 doetus
535 4741 576 4816 in
596 4763 715 4839 regno
742 4741 947 4830 coelorum,
970 4740 1104 4816 similis
1125 4757 1183 4816 est
1288 4753 1327 4823 ln
1349 4747 1545 4844 Quadrag.
1565 4747 1783 4820 Commem.
1802 4737 1934 4816 Feriae.

309 4865 311 4912 ἰ
381 4848 528 4924 homini
559 4845 823 4948 patrifamilias
850 4847 917 4946 qui
956 4849 1103 4948 profert
1132 4848 1181 4922 de
1288 4847 1419 4928 Leetio
1436 4847 1521 4925 libri
1542 4845 1755 4950 Sapientiae.
1777 4843 1894 4924 Eccli.
1923 4843 1980 4940 39.

309 4991 311 5024 t
380 4957 562 5031 thesauro
577 4957 969 5030 suonovauvetera.
1300 4979 1431 5035 errans
1453 4977 1521 5032 cor
1535 4979 1650 5031 suum
1664 4955 1788 5032 tradet
1811 4953 1864 5031 ad
1878 4951 2036 5056 vigilan·

428 5062 693 5143 Ofiertorium.
740 5063 882 5137 Psalm.
925 5063 984 5135 50.
1028 5059 1180 5136 Sacrifi·
1325 5063 1421 5141 dum
1445 5061 1614 5140 diluculo
1638 5061 1690 5140 ad
1715 5059 1942 5158 Dominum,
1971 5060 2036 5166 qui

309 5189 310 5244 3
381 5163 488 5242 cium
512 5169 597 5243 Deo
621 5164 776 5266 spiritus
797 5161 1097 5261 contribulatus3
1114 5189 1184 5242 cor
1237 5169 1327 5247 lecit
1350 5170 1472 5264 illum,
1497 5173 1530 5246 8(
1552 5167 1592 5245 in
1617 5167 1826 5272 conspectu
1853 5165 2037 5248 altissimi

381 5279 590 5350 contritum
620 5279 655 5351 8(
676 5271 934 5369 humiliatum,
962 5275 1082 5368 Deus,
1103 5296 1182 5352 non
1238 5277 1519 5378 deprecabitur.
1536 5275 1691 5377 Aperiat
1712 5301 1756 5353 ns
1771 5295 1887 5352 suum
1897 5271 1937 5352 in
1949 5295 2036 5352 ora-

381 5379 582 5481 despicies.
604 5382 772 5482 (temp
784 5383 919 5456 Pasch.
939 5377 1132 5483 Alleluia.)
1237 5383 1354 5478 tione,
1372 5387 1490 5484 &pro
1503 5381 1648 5461 delielis
1663 5384 1742 5459 suis
1755 5379 2033 5484 deprecabitur.

310 5474 311 5499 ¹
702 5493 865 5564 Secreta.
1239 5490 1278 5569 Si
1306 5487 1410 5566 enim
1443 5487 1634 5565 Dominus
1666 5510 1828 5588 magnus
1858 5483 2034 5580 voluerit,

311 5668 315 5685 ,
415 5589 665 5687 ‘normann
709 5587 890 5688 Domine,
922 5590 1183 5696 iniquitatibus
1239 5597 1374 5698 spiritu
1398 5593 1649 5696 intelligentiae
1671 5593 1830 5696 replebit
1855 5593 2037 5668 illumtor

381 5617 451 5783 P
477 5699 631 5794 nostris,
647 5719 718 5800 per
730 5698 1048 5776 intercessionem
1063 5700 1183 5778 beatae
1239 5703 1320 5806 ipse
1347 5717 1546 5803 tamquam
1571 5701 1713 5778 imbres
1736 5699 1858 5776 mittet
1884 5698 2037 5799 eloquia

381 5806 541 5883 Maria:
560 5822 605 5882 ut
622 5813 803 5908 percepta
825 5806 940 5882 venia
960 5826 1078 5908 qnam
1103 5829 1185 5908 pre·
1240 5807 1434 5912 sapientiae
1459 5831 1553 5903 suae,
1570 5809 1604 5884 8(
1621 5808 1660 5883 in
1685 5805 1860 5884 oratione
1883 5807 2039 5884 confite·

382 5919 532 6007 camur,
568 5921 755 6015 perpetuo
797 5907 1072 5988 misericordia
1107 5929 1183 5989 tuae
1240 5917 1342 5993 bitur
1365 5913 1615 5993 Dominotu
1647 5911 1728 6016 ipse
1754 5911 1888 6012 diriget
1909 5917 2036 5991 consi-

382 6027 542 6097 munere
557 6016 773 6120 gloriemur.
793 6021 866 6096 Per
883 6016 1108 6096 Dominum.
1240 6022 1333 6098 lium
1349 6023 1430 6124 ejus
1445 6027 1477 6100 8(
1492 6021 1747 6124 disciplinam,
1763 6025 1797 6098 8(
1818 6019 1857 6096 in
1871 6023 2036 6098 abscon-

435 6125 686 6206 Communio.
713 6127 833 6204 Eccli.
868 6155 922 6228 17.
943 6127 1075 6223 Quam
1101 6147 1183 6205 ma·
1240 6127 1327 6205 ditis
1362 6127 1439 6205 suis
1477 6125 1749 6206 consiliabitur.
1787 6129 1871 6230 lpse
1908 6129 2040 6228 pelam

307 6403 2117 6444 ’ΞΗ
