5325 7200
562 802 607 875 {d
1251 791 1318 866 bie
1340 810 1374 865 x.
1404 786 1617 865 Februarii.

556 961 823 1041 intercedente
835 960 950 1039 berito
967 956 1382 1061 &spississimum

557 1066 839 1171 eupidititibus
858 1066 1026 1145 terrenis
1043 1064 1311 1168 expediant,et
1323 1062 1383 1139 in-

558 1184 712 1255 struant
722 1175 856 1252 amire
870 1174 1138 1253 coelestia.Per
1150 1171 1381 1252 deinum.

678 1440 682 1447 .
800 1406 909 1463 urar.
931 1404 1129 1462 ranarum.

610 1492 650 1573 S.
683 1488 1069 1586 scirbnnsrlcm,
1089 1486 1334 1569 VIRGlNlS.

774 1600 977 1681 introitus.
999 1597 1112 1676 Cant.
1132 1601 1170 1675 2.

641 1727 690 1811 4:-
716 1728 845 1799 unua,
882 1703 1067 1805 prbpera,
1112 1702 1241 1782 amica
1283 1722 1386 1798 mea,

569 1804 721 1902 3⁸·
759 1810 945 1889 celdmba
1005 1832 1125 1905 mea,
1168 1819 1208 1889 et
1266 1808 1384 1887 veni:

569 1929 646 2016 »3³3
705 1922 722 2003 i
757 1913 840 2009 jam
883 1917 1011 1995 hiems
1047 1915 1225 2020 ¹trinsiit,
1261 1914 1391 1995 imber

570 2047 573 2066 ³
605 2029 736 2070 ΜΛ
760 2022 869 2118 abiit,
890 2034 929 2102 et
960 2022 1135 2103 recessit.
1168 2022 1311 2103 Psalm.
1329 2024 1389 2101 di.

567 2126 661 2238 Quis
686 2126 796 2207 dabit
820 2130 917 2206 mihi
938 2152 1091 2231 pennas
1121 2130 1223 2208 sicut
1244 2126 1392 2208 colrim-

564 2234 628 2418 1¹),ae
641 2235 659 2310 i
675 2235 879 2333 etvolbbb,
889 2246 928 2316 et
944 2237 1202 2339 requiescam.
1213 2240 1247 2312 i.
1257 2234 1393 2314 Gibria

602 2339 691 2418 atri.

572 2580 719 2765 me,
754 2556 822 2658 qni
858 2452 1192 2635 dniiritiiirobedtae
1221 2556 1395 2659 Virginis

675 2688 735 2743 uae
754 2665 1018 2763 scholastice,
1039 2668 1087 2744 ad
1108 2666 1393 2745 ostendendam

570 2772 807 2853 innocentiae
824 2775 943 2869 viam,
965 2775 1006 2851 in
1035 2774 1230 2855 coidmhae
1265 2776 1395 2877 specie

570 2880 713 2957 coeium
758 2882 967 2983 penetrire
1006 2882 1156 2961 fecisti:
1184 2882 1235 2961 da
1279 2882 1395 2962 nobis

572 2990 657 3087 ejus
671 2987 822 3066 meritis
837 2996 876 3067 et
894 2988 1079 3089 precibus
1097 2990 1150 3067 ita
1164 2990 1397 3071 innocenter

570 3098 714 3189 virere,
736 3104 780 3173 nt
802 3095 855 3172 ad
883 3094 1031 3173 aetdrna
1057 3095 1282 3175 mereimnr
1307 3096 1393 3199 giru-

573 3202 638 3279 dia
655 3202 873 3303 pervenire.
898 3204 972 3281 Per
991 3202 1220 3281 Dbminum.

609 3309 743 3397 Lectio
761 3308 853 3385 libri
871 3309 1097 3411 Sapientiae.
1113 3310 1230 3392 Eccii.
1255 3317 1315 3397 ti.
1334 3338 1366 3395 c.

647 3440 695 3491 uu
709 3415 839 3494 adbuc
851 3416 988 3515 jimior
1005 3438 1147 3510 essem,
1166 3416 1398 3519 pririsquam

684 3522 928 3620 oberrarem,
964 3522 1126 3624 quaesiri
1166 3524 1399 3626 sapientiam

575 3631 709 3734 palam
723 3631 764 3706 in
782 3629 962 3708 oratibne
980 3651 1081 3708 mea.
1093 3631 1194 3708 Ante
1207 3632 1401 3732 templum

576 3737 828 3846 postuiibam
846 3759 922 3839 pro
952 3735 1034 3831 ilia,
1061 3745 1101 3814 et
1128 3738 1312 3841 usquein
1330 3762 1401 3818 no·

577 3843 751 3927 vissimis
783 3843 983 3943 inquiram
1019 3865 1120 3920 eam.
1153 3843 1201 3923 Et
1232 3844 1403 3925 efflbruit

583 3965 790 4054 tamquam
821 3972 978 4050 praerox
1008 3973 1112 4040 uva;
1141 3949 1316 4031 iaetitum
1344 3963 1404 4033 est

582 4079 803 4142 cormeum
822 4059 863 4134 in
877 4081 937 4136 ea.
959 4056 1185 4136 iimbulbvit
1203 4081 1273 4161 pes
1290 4083 1403 4140 meus

580 4168 657 4246 iter
675 4177 841 4260 rectum,
862 4163 1104 4266 ajurentrite
1129 4187 1216 4243 mea
1246 4167 1404 4248 investi-

504 4331 508 4336 ·
582 4274 726 4377 gibam
753 4295 854 4350 eam.
877 4271 1066 4349 lnciindri
1085 4273 1240 4354 medice
1266 4297 1403 4375 aurem

580 4403 726 4475 meam,
747 4389 786 4458 et
803 4379 937 4480 excepi
956 4378 1079 4456 iilam.
1096 4381 1261 4460 biuitam
1275 4383 1405 4462 inveni

580 4491 621 4566 in
642 4487 793 4588 meipsa
811 4485 1059 4588 sapientiam,
1073 4494 1113 4565 et
1129 4488 1297 4566 multum
1314 4511 1408 4590 pro-

583 4595 658 4673 ieci
677 4595 718 4671 in
734 4617 793 4672 ea.
811 4593 931 4672 Danti
950 4593 1048 4670 mibi
1068 4594 1317 4696 sapientiam,
1336 4596 1407 4674 da·

581 4702 636 4780 be
665 4701 846 4802 gibriam.
882 4699 1102 4780 Consiliita
1129 4725 1217 4780 surn
1237 4703 1343 4781 enim
1366 4712 1410 4783 ut

586 4811 756 4887 furerem
783 4809 891 4886 iliam
909 4837 918 4885 ε
934 4809 1058 4887 zeiita
1075 4830 1164 4886 sum
1181 4808 1344 4904 bonum,
1373 4819 1412 4890 et

584 4939 666 4994 non
685 4916 919 4994 cenidndsr.
950 4917 1170 4998 Colluctirta
1195 4928 1255 4998 est
1273 4920 1409 4998 bnima

586 5045 675 5100 men
688 5023 729 5098 in
748 5023 830 5118 iiia,
846 5033 886 5101 et
903 5024 943 5100 in
962 5024 1142 5106 iaciendo
1165 5051 1252 5106 eam
1271 5029 1413 5108 confir-

586 5129 694 5206 mita
712 5151 814 5207 suni.
835 5129 976 5207 Manus
993 5153 1103 5210 meas
1120 5134 1275 5213 extendi
1296 5137 1337 5214 in
1356 5136 1412 5216 al·

587 5248 688 5329 tum,
720 5247 760 5312 at
786 5235 1054 5336 insipientiam
1088 5241 1173 5338 ejus
1203 5239 1298 5320 iuxi.
1320 5242 1412 5322 Ani-

587 5363 696 5420 mam
711 5363 840 5419 meam
856 5341 980 5420 direxi
994 5344 1045 5421 ad
1057 5343 1180 5442 iliam,
1192 5358 1231 5428 et
1246 5349 1287 5426 in
1305 5351 1412 5448 agni·

588 5451 697 5528 tidne
728 5448 859 5526 inveni
894 5472 996 5528 eam.
1022 5451 1185 5532 Possedi
1211 5479 1302 5534 cum
1325 5458 1413 5560 ipsa

589 5579 659 5636 cor
676 5555 727 5634 ab
742 5555 882 5635 initio:
904 5566 1069 5660 propter
1088 5560 1163 5640 boc
1194 5586 1273 5641 non
1301 5563 1413 5644 dere·

588 5665 761 5765 linquar.
783 5665 929 5744 Venter
946 5687 1058 5745 meus
1076 5669 1336 5751 conturbitus
1354 5683 1415 5753 est

440 5821 444 5829 ·
592 5771 808 5874 querendo
835 5773 975 5851 iiiam:
1010 5775 1224 5878 propterea
1264 5777 1412 5858 bonam

589 5879 806 5986 possidebo
830 5881 1137 5983 possessibnem.
1169 5883 1288 5965 Dedit
1314 5885 1412 5964 mibi

590 5986 786 6068 Iibminus
813 5987 986 6090 linguam
1007 5989 1228 6070 mercidem
1245 6013 1373 6070 meam
1402 6021 1409 6070 :

591 6097 631 6174 in
653 6093 737 6196 ipsa
757 6093 926 6174 laudribo
958 6119 1061 6176 eum.
1092 6098 1333 6202 Appropiite
1362 6099 1412 6178 ad

1471 974 1535 1031 me
1562 952 1726 1049 indicii,
1747 964 1787 1034 et
1812 950 2062 1053 congregibu
2079 971 2148 1029 ros
2167 946 2205 1025 in
2218 944 2283 1023 dc

1470 1074 1581 1131 mum
1598 1054 1833 1155 disciplinae.
1854 1056 1961 1155 Quid
1976 1058 2108 1137 adhuc
2120 1050 2285 1135 retardi·

1470 1160 1554 1238 tis?
1571 1168 1611 1239 et
1628 1162 1725 1262 quid
1751 1163 1883 1245 dicitis
1900 1165 1942 1243 in
1959 1166 2056 1244 his?
2073 1162 2211 1241 ianime
2227 1180 2284 1239 re·

1472 1278 1564 1347 strae
1599 1268 1738 1350 sitiunt
1770 1272 2037 1353 vehementer.
2070 1266 2211 1373 Aperui
2243 1288 2284 1345 os

1473 1396 1621 1471 meum,
1662 1384 1703 1455 et
1735 1376 1866 1459 locdta
1903 1402 1992 1458 sum
2022 1404 2031 1455 :
2060 1373 2285 1477 Comparare

1473 1482 1585 1562 vobis
1604 1483 1689 1563 sine
1707 1487 1883 1589 arge'nto,
1905 1496 1944 1565 et
1959 1486 2106 1565 collum
2123 1492 2284 1563 vestmm

1475 1588 1656 1691 subjicite
1683 1594 1793 1693 jugo,
1817 1602 1856 1673 et
1882 1592 2072 1695 suscipiat
2087 1592 2286 1669 inimare·

1475 1706 1556 1776 stra
1574 1697 1852 1807 disciplinam:
1865 1700 1906 1781 in
1922 1700 2105 1803 prbximo
2120 1708 2177 1778 est
2190 1696 2284 1777 enim

1475 1804 1652 1885 invenire
1686 1828 1788 1885 eam.
1817 1808 1956 1887 Videte
1982 1806 2109 1887 deuiis
2132 1805 2284 1901 vestris,
2392 1870 2393 1885 t

1477 1913 1571 2015 quia
1590 1912 1792 1992 mbdicum
1811 1914 2004 2013 labordvi,
2024 1924 2063 1995 et
2080 1912 2207 1994 inveni
2223 1912 2287 1989 mi·

1477 2022 1518 2099 hi
1533 2020 1700 2100 multam
1718 2023 1910 2125 requiem.

1534 2132 1742 2217 Greduaie.
1782 2132 1894 2213 Cant.
1927 2134 1962 2209 8.
2010 2130 2127 2232 dquae
2168 2122 2287 2204 muita

1479 2259 1559 2317 non
1575 2235 1788 2339 potnerunt
1813 2236 2040 2340 extinguere
2057 2232 2285 2327 charititem,

1480 2366 1552 2423 nec
1578 2344 1742 2421 ildmina
1761 2344 1938 2439 ‚curnem
1964 2344 2087 2423 illam.
2120 2344 2152 2417 i.
2170 2340 2209 2422 Si
2232 2336 2289 2417 di·
2394 2363 2395 2383 ¹

1480 2450 1583 2529 derit
1615 2452 1735 2531 homo
1755 2474 1917 2547 omnem
1948 2449 2207 2531 snbstdntiam
2229 2446 2288 2523 dn

1482 2581 1570 2636 mus
1598 2580 1679 2637 sure
1706 2580 1779 2660 pru
1806 2558 2030 2656 dilectibne,
2060 2556 2173 2660 quasi
2204 2548 2288 2633 nibil

1483 2665 1673 2769 despiciet
1693 2688 1793 2745 eam.
2083 2704 2088 2715 ·
2395 2667 2396 2683 ¹

1538 2776 1709 2872 biielr'ria,
1739 2774 1914 2855 allelriia.
1939 2777 1976 2876 i.
2004 2774 2105 2853 ibid.
2138 2776 2173 2851 6.
2201 2766 2290 2847 bile

1484 2892 1569 2965 ctus
1588 2908 1700 2965 mens
1719 2885 1817 2963 mihi
1831 2894 1870 2964 et
1883 2907 1954 2987 ego
1973 2882 2029 2963 iili
2050 2880 2118 2983 qui
2136 2878 2291 2982 piscitur

1483 2992 1588 3071 inter
1605 2991 1701 3089 lilia,
1718 2990 1845 3071 donec
1865 2992 2014 3094 aspiret
2031 2988 2132 3085 dies,
2151 2996 2188 3065 et
2200 2983 2291 3063 incli-

1487 3100 1630 3181 nentur
1645 3100 1809 3180 umbrae.

1542 3218 1635 3299 P-ost
1649 3212 1985 3319 Septnngesimam
2006 3206 2183 3287 Tractus
2198 3202 2289 3281 Cani.

1489 3314 1743 3507 iiiiii
1762 3310 2289 3499 iiiiiirii‘iiii

1723 3484 1732 3519 ‚
2058 3480 2065 3497 .
2119 3484 2124 3497 ,
2233 3478 2238 3495 .
2283 3476 2289 3489 .

1491 3536 1634 3615 Oleum
1668 3528 1835 3611 effrisum
1867 3548 2013 3607 nomen
2045 3536 2158 3608 tuum
2183 3552 2193 3618 ;
2218 3522 2292 3602 ideo

1490 3639 1795 3724 adolescdntnlae
1813 3635 2036 3714 dilexerunt
2051 3643 2103 3714 te.
2133 3639 2166 3714 t.
2184 3631 2291 3712 Trabe

1490 3776 1554 3830 me
1581 3757 1672 3854 post
1690 3757 1741 3843 te,
1762 3744 1968 3824 curremus
1994 3742 2036 3820 in
2053 3741 2212 3822 odbrem
2234 3759 2293 3816 un·

1490 3857 1726 3964 guentbrnm
1757 3851 1933 3932 rubrum.
1976 3857 2013 3952 fr.
2046 3846 2293 3930 Exultibimus

1492 3979 1532 4048 et
1548 3965 1776 4046 laetdbimnr
1795 3961 1837 4038 in
1855 3967 1908 4058 te,
1924 3957 2123 4038 memores
2149 3955 2291 4035 iberum

1491 4075 1651 4156 tucrum
1671 4092 1791 4174 super
1807 4068 1957 4160 vinum3
1974 4065 2070 4147 recti
2079 4063 2236 4170 diligunt
2249 4067 2290 4137 te.

1795 4181 2021 4286 Sequentia.

1663 4310 1770 4368 urmr
1787 4283 1987 4382 meridies,

1600 4322 1664 4496 E
1682 4398 1731 4478 Et
1747 4393 1863 4473 heiria
1877 4393 2036 4494 requies

1597 4500 2028 4608 VirginiScholisticre.

1603 4619 1722 4696 intrat
1739 4609 1779 4688 in
1799 4605 1994 4702 cubicula,

1598 4717 1743 4823 Sponsi
1757 4716 1857 4820 petit
1871 4713 2022 4810 bscula,

1597 4831 1725 4928 Quem
1745 4823 1890 4904 ambvit
1907 4821 2035 4900 inice.

1604 4933 1767 5038 Quantis
1785 4953 1875 5010 cum
1894 4927 2105 5032 gemitibus

1598 5041 1740 5123 Cordis
1754 5047 1793 5118 et
1810 5035 2021 5115 ardbribus

1599 5143 1692 5220 iiaec
1706 5138 1893 5216 dilectum
1912 5135 2069 5236 quaesiit
2088 5137 2097 5212 i

1602 5247 1721 5334 ,tiovit
1736 5245 1856 5324 coelns
1873 5241 2073 5344 iicrymis,

1599 5351 1878 5454 imbribirsque
1897 5348 2081 5453 plririmis

1598 5464 1740 5543 Pectus
1753 5457 1884 5537 fratris
1904 5455 2059 5538 mbiliit.

1603 5581 1635 5654 0
1656 5577 1766 5674 grata
1779 5565 1992 5670 ccllbquia‚

1599 5680 1700 5760 Cum
1716 5674 1909 5756 coeldrum
1928 5673 2072 5778 giudia

1599 5783 1836 5866 Benedictus
1854 5779 2044 5883 explicati

1603 5891 1744 5978 ttrdent
1758 5887 1954 5968 desideria

1599 5999 1755 6094 Mentis,
1776 6003 1815 6076 et
1828 5995 1998 6099 suspiria

1602 6108 1717 6208 Virgo
1736 6127 1904 6210 sponsus
1918 6103 2073 6184 e'xcitai.
