5325 7200
291 898 295 939 Ι

281 940 297 1067 Ἰ
851 996 913 1046 DIE
939 997 965 1044 1.
992 996 1088 1046 Mtn.
1117 994 1295 1046 COMMEM·
1323 995 1355 1044 S.
1386 994 1561 1046 ANDEOLI.

286 1168 298 1255 l
643 1190 720 1253 me
743 1190 911 1254 xxvm.

507 1306 697 1380 SANCTl
725 1305 1044 1380 GUNTRAMNI

289 1386 299 1439 Ἰ
444 1435 679 1488 uuuouumn
700 1436 820 1503 ustus,
849 1434 1102 1487 counnssoms

579 1541 972 1607 COMMEMORATIO.

694 1641 847 1716 Oratio,

1523 1193 1599 1254 DIE
1622 1193 1733 1259 XVII.

1540 1325 1577 1374 m
1604 1324 1722 1375 rssro

1392 1423 1579 1498 SANCTI
1606 1426 1868 1502 STEPHANI

1321 1551 1597 1605 crsrnucrnusrs
1623 1557 1791 1624 inerms,
1821 1555 1935 1608 cous.

1277 1644 1333 1716 M
1334 1643 1409 1718 issa
1424 1644 1480 1720 Os
1498 1644 1599 1742 justi.
1618 1649 1716 1722 utin
1736 1648 1944 1722 Communi
1950 1672 2028 1746 pro

291 1742 302 1865 *j
457 1773 532 1824 eus
547 1753 807 1848 omnipotens,
825 1743 1173 1846 quilpoenitentium
1227 1749 1456 1825 Abbatibus.
1486 1775 1526 1849 p.
1552 1750 1627 1826 xix.
1651 1777 1738 1828 cum
1763 1755 2023 1829 Commemor.

299 1882 302 1891 ·
481 1853 647 1952 gemitus
695 1877 776 1928 non
821 1859 991 1944 recusas,
1036 1851 1173 1928 exeudi
1227 1854 1454 1932 Feriaees.
1469 1857 1632 1932 Aniceti
1639 1858 2025 1958 PapaeeMurtyris,

293 2012 303 2055 ¹.
373 1985 506 2059 preces
537 1985 636 2060 quas
669 1957 737 2035 tibi
769 1957 981 2051 fundimus,
1018 1959 1172 2033 beetum
1229 1960 1326 2033 utin
1343 1963 1553 2038 Communi
1568 1965 1680 2039 unius
1697 1965 1901 2062 Martyris
1920 1967 2025 2040 Pon-

294 2058 304 2203 i
373 2068 662 2142 Guntrdmnum
708 2073 1072 2156 commemorantes,
1111 2062 1173 2139 cui
1228 2063 1357 2161 tificis¹
1376 2091 1413 2165 p.
1428 2069 1480 2166 vj.

295 2206 298 2235 ι
373 2171 577 2272 temporali
606 2173 756 2246 bonore
785 2169 992 2246 sublimato
1017 2170 1171 2246 coeleste

295 2338 305 2387 ,Ι
375 2303 534 2376 regnum
554 2293 638 2354 toto
659 2277 777 2354 corde
799 2283 1086 2376 concupiscere,
1112 2273 1173 2350 tri-

296 2384 306 2461 !'
375 2383 500 2461 buisti.
519 2385 595 2459 Per
605 2382 833 2458 Dominum.

692 2489 861 2564 Secreto.

1515 2263 1591 2326 DIE
1615 2263 1747 2328 xx1x.

1536 2387 1573 2436 ru
1600 2386 1718 2438 resno

1399 2485 1587 2560 SANCTI
1617 2487 1852 2565 ROBERTI

302 2536 306 2733 1
373 2615 662 2788 Ascuuorun
696 2594 747 2670 ad
779 2610 830 2686 te,
868 2593 1046 2684 Domine,
1084 2617 1170 2692 quae
1260 2613 1536 2666 crsrnucmusrs
1563 2613 1712 2667 onmms
1737 2618 1988 2689 FUNDATORIS,

485 2701 556 2778 tibi
571 2700 769 2778 offerimus
783 2716 895 2793 vota3
910 2715 953 2775 ut
966 2698 1064 2775 sicut
1084 2701 1172 2776 bee-

1490 2719 1758 2775 CONFESSORIS.

294 2820 306 2875 l
373 2825 432 2886 tus
476 2811 759 2899 Guntremnus,
811 2807 1021 2883 confessor
1065 2819 1168 2898 tuus,
1273 2810 1403 2886 Missa
1426 2811 1482 2887 Os
1496 2811 1597 2910 justi.
1616 2825 1659 2888 ut
1674 2813 1714 2888 in
1729 2815 1940 2890 Communi
1946 2841 2023 2914 pro

295 2910 299 3051 ι
373 2915 508 3016 spretis
521 2911 660 2990 mundi
674 2911 978 3004 obleetamentis,
990 2909 1063 2986 soli
1076 2909 1169 3009 Regi
1224 2916 1455 2991 Abbatibus.
1473 2942 1511 3016 p.
1529 2917 1606 2992 xix.

373 3021 524 3098 Christo
536 3021 689 3120 placere
703 3017 862 3110 studuit,
877 3015 929 3093 ita
951 3018 1032 3114 eius
1047 3015 1170 3093 oretio

296 3166 299 3219 ς
372 3149 442 3202 nos
468 3125 539 3202 tibi
560 3123 696 3200 reddat
720 3132 914 3224 acceptos.
943 3123 1016 3198 Per
1041 3121 1171 3198 Domi-

373 3257 465 3308 num
475 3246 656 3307 nostrum
669 3231 690 3305 J
693 3253 803 3304 esum
819 3227 1014 3304 Christum
1029 3225 1169 3304 mltum

296 3372 300 3419 r
373 3355 507 3414 tuum:
533 3335 612 3432 Qui
626 3351 754 3411 tecum
766 3334 874 3412 vivit.

296 3446 299 3467 '
603 3442 936 3518 Postcommunio.

297 3588 308 3626 ι.
442 3576 491 3626 eu
509 3549 594 3624 haec
614 3563 768 3649 sumpta
781 3545 962 3649 mysteria
977 3547 1027 3622 da
1041 3544 1168 3638 nobis,

298 3645 309 3742 l
467 3678 692 3756 quaesumus
726 3654 908 3746 Domine,
934 3651 1034 3729 beeti
1063 3654 1169 3727 Gun-

298 3747 310 3864 ¹!
374 3763 513 3841 tremui
536 3761 779 3839 Confessoris
803 3760 858 3837 tui
880 3757 1050 3835 natalitia
1077 3759 1171 3832 cele·

300 3863 311 3980 {l
375 3870 585 3961 brentibus,
607 3868 793 3945 adversus
817 3865 952 3942 mundi
973 3864 1170 3939 illecebras

301 3987 311 4020 ¹¹
376 3973 635 4051 inviolabilem
667 3972 900 4048 firmitatem.
936 3972 1009 4047 Per
1042 3973 1103 4045 Do

1400 3121 1644 3224 FESTA
1673 3122 1849 3228 MAII

1563 3381 1640 3444 DIE
1666 3383 1691 3446 1.

1472 3511 1778 3565 counnmommo

1373 3615 1581 3691 SANCTI
1615 3614 1877 3691 ANDEOLI

1525 3744 1719 3795 utnmms.

1276 3834 1432 3928 Oratio,
1447 3836 1602 3910 Secreta
1614 3834 1646 3909 ἃ
1658 3835 1973 3911 Postcommunio
1983 3848 2025 3911 ut

1104 3970 1171 4044 mi,
1227 3941 1267 4014 in
1281 3942 1336 4015 M
1338 3941 1413 4015 issa
1432 3942 1474 4015 In
1487 3938 1626 4015 virtute
1646 3955 1725 4015 tua.
1747 3941 1794 4015 de
1817 3943 2026 4017 Communi

302 4113 305 4126 .
377 4082 526 4157 minum
544 4094 722 4155 nostrum
741 4082 876 4157 Jesum
896 4077 1091 4156 Christum
1106 4076 1169 4151 pi,
1214 4047 1340 4147 *unius
1353 4044 1557 4143 Martyris
1575 4070 1650 4121 non
1669 4046 1890 4143 Pontificio.
1906 4071 1944 4145 p.
1968 4048 2019 4125 iv.

378 4187 469 4262 lium
485 4202 610 4261 tuum.

309 4343 312 4392 ³
475 4413 720 4519 FEsTA
758 4414 1065 4517 APRILIS

699 4678 778 4741 DIE
800 4677 845 4739 11.

681 4800 719 4849 ru
745 4796 865 4849 πετο

570 4908 757 4985 SANCTI
783 4908 979 4983 URBANI

301 4979 312 5106 ll
506 5036 753 5091 muooueusrs
778 5038 896 5089 nerse.
924 5036 1039 5088 cour.

1420 4238 1423 4247 Δ
1486 4186 1644 4249 EADEM
1673 4186 1763 4249 DIE.

1446 4296 1799 4351 conuuuonnmo

1306 4388 1528 4463 SANCTI
1582 4388 1941 4465 SlGlSMUNDI

1336 4518 1563 4571 uuuouunmc
1587 4520 1694 4571 nuors
1720 4519 1768 4570 nr
1792 4520 1907 4571 MART.

1546 4603 1700 4677 Oratio.

1309 4740 1348 4806 Α,
1365 4736 1588 4811 quaesumus
1609 4712 1776 4791 Domine
1796 4716 1914 4806 Deus,
1931 4714 2022 4789 fide-

1339 4818 1439 4893 libus
1471 4818 1568 4911 tuis,
1598 4818 1855 4895 intercedente
1890 4819 2022 4898 saneto

1226 4923 1486 5025 sigismundo,
1507 4926 1670 5024 superbe
1690 4946 1769 4999 non
1788 4930 1937 5024 sepere,
1955 4926 2022 5001 sed

1225 5030 1291 5108 tibi
1307 5030 1445 5131 placita
1458 5030 1669 5107 humilitete
1684 5035 1841 5117 servire,
1852 5044 1895 5105 ut
1902 5056 2023 5130 prava

301 5095 313 5200 'l
423 5138 554 5214 Misso
569 5136 808 5214 Sacerdotes.
835 5148 878 5211 ut
902 5138 941 5211 r'n
961 5137 1172 5211 Communi
1225 5136 1491 5237 despicientes,
1521 5143 1777 5235 quaecquue
1805 5136 1907 5213 reeta
1935 5154 2024 5215 sunt

302 5323 305 5332 ,
378 5245 492 5341 Cons.
508 5245 625 5319 Pont.
642 5270 680 5343 p.
697 5242 776 5319 xiv.

308 5441 312 5494 Ι

302 5497 306 5524 '
695 5542 853 5607 urunt.

681 5666 720 5715 IN
747 5665 864 5715 FESTO

302 5349 311 5428 l
424 5352 476 5424 In
488 5349 689 5450 Quadrog.
705 5352 918 5425 Commem.
931 5348 1079 5423 Ferioe.

1225 5245 1345 5320 libera
1372 5249 1573 5319 exerceant
1595 5241 1765 5319 caritete.
1789 5243 1861 5319 Per
1888 5243 2022 5321 Demi·

1226 5374 1321 5425 num
1335 5363 1523 5425 nostrum.

1531 5448 1700 5523 Secreto.

1227 5578 1463 5750 Aecum
1481 5559 1529 5635 sit
1560 5558 1598 5634 in
1616 5530 1831 5659 conspeetu¹
1845 5572 1925 5651 tuo,
1948 5558 2023 5635 Dd

1341 5664 1459 5753 mine,
1497 5680 1629 5740 nostra
1663 5662 1832 5755 devoti0,
1873 5667 1906 5737 u
1941 5665 2023 5764 ejus

302 5729 311 5862 lt
461 5764 500 5838 S.
528 5762 799 5840 FRANClSCl
827 5766 896 5841 DE
921 5764 1091 5841 PAULA
1227 5770 1339 5849 nobis
1361 5772 1430 5847 fiat
1455 5768 1730 5871 supplicatione
1754 5766 1929 5843 saluteris
1951 5794 2022 5868 pro

641 5892 905 5945 CONFESSORIS.

308 6057 311 6078 ¹
594 5983 648 6080 (E
664 5984 727 6057 die
749 6008 784 6058 2.
806 5984 952 6083 hujus.)

302 6157 305 6166 .
424 6086 553 6161 Missa
565 6096 607 6160 ut
620 6086 659 6161 in
670 6088 844 6163 Missali.
858 6113 898 6187 p.
914 6090 999 6187 354.

1227 5880 1338 5977 cujus
1355 5876 1594 5953 solemnitate
1610 5873 1787 5949 defertur.
1807 5874 1880 5947 Per
1894 5873 2024 5949 Domi·

1228 6008 1322 6059 num
1332 6000 1507 6060 nostrum
1520 5984 1653 6058 Jesum
1668 5978 1863 6057 Christum
1883 5976 2023 6055 Filium

1229 6105 1372 6167 tuum:
1401 6088 1479 6185 Qui
1508 6102 1648 6163 tecum.
