5325 7200
627 1117 687 1162 nra
706 1118 750 1161 vr.
774 1115 851 1162 ros'r
871 1115 1019 1161 canones:
1034 1116 1156 1162 mrum
1176 1117 1222 1159 ss.
1243 1115 1362 1160 sarnam
1382 1117 1514 1164 cononis
1532 1121 1562 1162 o.
1587 1121 1618 1192 n..
1641 1122 1665 1163 s.
1689 1123 1719 1165 c.
1875 1114 1890 1166 't

452 1553 600 1647 porcum
624 1579 632 1620 :
656 1551 770 1624 modia
787 1551 930 1623 caritote
944 1553 1131 1624 constrorit

454 1663 592 1753 propter
627 1657 719 1730 iiiias
751 1656 956 1729 Jcrosaiem.
991 1658 1130 1750 Egredi-

359 1817 365 1834 .
407 1822 410 1857 ,
455 1765 550 1843 mini.
578 1771 614 1836 ct
636 1763 759 1853 ridote,
781 1762 863 1834 iiiiae
885 1763 982 1853 Sion,
1013 1787 1129 1860 regem

455 1868 678 1942 Salomonem
699 1871 734 1940 in
753 1869 962 1952 diaoomate,
984 1893 1055 1965 quo
1077 1894 1132 1943 co

363 2060 366 2079 1
455 1977 587 2048 conavit
612 1999 694 2049 cum
719 1983 830 2050 mater
852 1997 915 2048 sua
937 1976 971 2047 in
996 1976 1052 2049 die
1072 1977 1131 2050 de-

456 2083 684 2176 sponsationis
701 2081 808 2166 iilius,
827 2089 862 2154 et
876 2081 911 2153 in
926 2080 982 2156 die
999 2081 1130 2155 laetitiae

364 2190 373 2297 '¹
409 2184 412 2201 '
455 2187 1129 2284 cordisejus.Quampoichraesamica

456 2318 543 2383 mea,
571 2318 679 2390 quam
699 2296 849 2392 poichra
879 2298 932 2368 es!
956 2295 1055 2371 Ocrrii
1081 2299 1130 2374 mi

410 2462 412 2477 .
456 2401 715 2486 columborum,
742 2400 872 2498 absque
898 2423 940 2473 eo
966 2400 1059 2496 quod
1081 2401 1131 2477 io·

365 2540 367 2551 ·
458 2511 622 2581 trinsecus
654 2508 749 2582 iatet.
785 2508 869 2580 Veni
909 2507 951 2579 de
984 2505 1128 2596 Libano,

457 2637 580 2710 sponsa
597 2638 689 2703 mea,
712 2615 787 2687 veni
805 2613 849 2688 de
861 2613 1007 2698 Libano,
1026 2614 1100 2687 reni
1119 2643 1127 2687 ε

458 2721 688 2794 coronaberis.

373 2864 376 2883 =
504 2825 692 2900 Grnduoic.
715 2824 821 2900 Eccit'.
844 2831 904 2898 ta.
921 2825 1057 2900 Corona
1071 2829 1131 2900 ou·

367 2994 370 3035 ;
457 2957 511 3008 rea
525 2943 745 3030 supercaput
758 2938 846 3029 ejus,
862 2937 1020 3028 eaprossa
1033 2934 1130 3032 signo

457 3041 656 3126 sanctitotis,
677 3041 784 3138 gioria
808 3040 963 3126 honoris,
987 3048 1131 3136 etopus

459 3147 680 3220 iortitrioinis.
716 3146 752 3224 i.
787 3143 918 3218 Psoim,
948 3151 1008 3219 20.
1037 3147 1131 3234 Quo·

459 3253 547 3325 niam
583 3255 776 3350 praevenisti
809 3277 890 3326 eum
924 3253 959 3324 in
995 3253 1132 3326 benedi-

457 3361 626 3432 ctionibus
639 3359 846 3445 dulcaminis,
863 3360 1003 3454 posuisti
1024 3361 1057 3430 in
1077 3362 1133 3432 co-

458 3464 1127 3564 pitcejoscoronamdeiopidcpretioso.

370 3576 379 3684 i
506 3577 663 3646 Tractus.
693 3572 795 3645 isoio
820 3575 881 3644 ot.
907 3571 1025 3644 induit
1050 3596 1131 3645 eum

458 3680 622 3753 Dominus
642 3679 851 3751 testimoniis
870 3679 1002 3765 salotis,
1025 3686 1060 3751 ct
1081 3680 1134 3750 in-

457 3788 621 3863 dnmonto
646 3788 802 3883 justitiae,
835 3787 933 3882 qnasi
964 3810 1131 3881 sponsum

371 3897 373 3906 '
458 3896 655 3969 decorotom
670 3898 810 3969 corona.
827 3893 863 3971 i.
881 3894 979 3965 isoiae
994 3898 1052 3965 28.
1070 3894 1132 3967 Co·

377 3989 380 4056 ³
458 4008 538 4079 rona
558 4004 790 4077 omniomnis
808 4002 960 4075 atssorun
979 4003 1015 4073 n
1036 4005 1132 4075 eno

371 4139 380 4266 p
459 4136 535 4184 nam
551 4112 684 4207 gioriae.
701 4119 735 4182 et
748 4115 878 4181 sertum
897 4106 1127 4181 exultationis.

458 4218 492 4297 i.
511 4224 598 4316 Sop.
617 4224 652 4291 5.
669 4216 809 4313 Accopit
824 4238 969 4315 regnum
985 4214 1127 4297 decoris,

371 4397 374 4440 Ι
459 4320 615 4395 diadema
628 4323 766 4419 speciei.

378 4459 380 4512 t
505 4442 545 4510 In
569 4439 685 4511 Missis
708 4437 829 4509 coticis
849 4462 872 4508 o
894 4438 1055 4508 Posciote
1077 4460 1133 4507 ns-

460 4566 524 4641 pne
538 4543 588 4615 ort
604 4546 840 4615 Pentecosten.

379 4679 382 4698 ·
417 4645 420 4730 i
505 4650 666 4746 aiteioja,
694 4650 847 4745 aiietoja.
869 4648 906 4727 rt.
936 4650 1042 4722 Eccti.
1068 4657 1127 4723 to.

418 4739 421 4778 ¹
460 4760 591 4829 Corona
622 4757 727 4828 ourea
761 4780 864 4851 super
900 4766 1003 4851 capnt
1040 4757 1127 4853 ojus,

460 4867 614 4957 crprossa
647 4864 746 4959 signo
780 4862 982 4952 sanctitotis,
1022 4864 1131 4960 gioria

384 5025 386 5042 .
462 4968 613 5053 honoris,
633 4976 774 5063 etopus
795 4967 1017 5040 tortitridinis.
1042 4968 1132 5040 arre-

376 5155 378 5166 .
419 5011 422 5110 i
461 5074 539 5169 toja.
565 5073 601 5150 i.
625 5074 700 5146 Tibi
720 5073 839 5171 gioria,
863 5074 1020 5146 hosonno
1042 5104 1049 5145 ι
1071 5072 1130 5147 tibi

377 5261 379 5270 Ι
415 5123 421 5262 i
460 5181 658 5276 triomphos
682 5188 716 5252 et
746 5180 884 5252 victoria
915 5208 923 5251 ε
953 5180 1013 5253 tibi
1038 5206 1132 5255 som-

413 5267 417 5310 ¹
457 5310 523 5465 pra
536 5286 713 5374 laudis‚et
729 5286 869 5358 honoris
882 5288 1023 5359 corona.
1042 5290 1131 5363 ritie

376 5475 378 5488 Ι
414 5513 417 5552 ¹
472 5418 541 5573 ¹¹13·
551 5502 744 5571 Pentecoste
753 5499 918 5595 nsqnend
927 5506 1127 5599 Septnopcs.

358 1154 360 1163 .
596 1118 635 1161 FP
1895 1109 1906 1128 '

358 1170 360 1187 Ι
451 1233 513 1306 sibi
531 1257 590 1306 rex
610 1233 779 1308 Sotomon
801 1234 845 1307 oe
865 1233 968 1331 tignis
992 1233 1126 1308 libani.

405 1358 407 1367 ·
451 1339 642 1412 Coiomnas
661 1341 738 1435 ejus
758 1339 840 1412 iecit
861 1344 1054 1437 argenteas
1080 1363 1130 1413 re·

406 1534 408 1551 ¹
451 1445 1132 1543 ciinatoriumooreom.asconsnmpur-

1234 1234 1328 1305 niam
1343 1238 1535 1330 proerenisti
1548 1261 1628 1312 eom
1642 1241 1677 1313 in
1697 1242 1901 1320 benedictio-

1235 1337 1335 1411 nibus
1357 1338 1561 1428 duicodinis,
1585 1350 1723 1440 posuisti
1744 1351 1907 1446 incapite

1234 1445 1310 1539 ejus
1337 1448 1499 1522 coronam
1529 1451 1572 1526 de
1601 1452 1714 1548 iopide
1740 1459 1903 1552 pretioso.

1234 1551 1396 1648 Aiieir'rja‚
1418 1553 1571 1652 atieloja.
1589 1559 1623 1638 t.
1645 1561 1746 1634 Isoicc
1765 1568 1824 1636 28.
1845 1565 1908 1638 Co-

1234 1658 1320 1730 rona
1341 1659 1568 1736 tribulationis
1585 1665 1736 1740 cissoruit
1754 1670 1788 1740 in
1810 1675 1907 1745 coro·

1235 1789 1316 1838 nam
1333 1767 1463 1862 gloriae,
1484 1779 1518 1841 et
1532 1778 1661 1843 sertum
1675 1775 1903 1850 excitationis.

1289 1890 1325 1963 ›1‹
1349 1892 1536 1988 choontia
1555 1897 1662 1967 sancti
1685 1897 1859 1996 Evangoiii

1247 2095 1251 2104 ι
1283 1999 1478 2070 secondum
1496 2001 1678 2075 loonncm.
1697 2003 1801 2078 Joon.
1821 2011 1856 2078 9.
1972 2007 1978 2018 '

1273 2123 1369 2196 niiio
1386 2128 1539 2220 tompore
1565 2155 1572 2196 :
1596 2127 1832 2224 apprehendit
1854 2131 1909 2203 Pi·

1297 2231 1526 2317 iotusicsum
1540 2239 1574 2305 et
1585 2233 1780 2332 ilageiiovit.
1796 2239 1839 2310 Et
1850 2239 1909 2309 mi·

1234 2337 1311 2410 iites
1326 2337 1514 2433 plectentes
1529 2339 1702 2413 Coronam
1722 2341 1764 2414 de
1785 2345 1904 2440 spinis,

1234 2444 1476 2540 imposuoroot
1501 2447 1705 2543 copiosius,
1743 2456 1777 2522 et
1820 2459 1909 2523 resto

1236 2553 1409 2646 purprirea
1427 2552 1732 2626 circumdederunt
1750 2579 1844 2632 eum.
1870 2563 1911 2631 Et

1236 2657 1417 2730 veniobarrt
1433 2657 1474 2729 ad
1487 2681 1582 2746 cum,
1599 2667 1634 2731 et
1648 2659 1807 2734 dicobant
1821 2693 1828 2734 :
1844 2663 1911 2738 tire

1235 2763 1911 2868 Rextodmorum:etdahanteioiapas

1235 2869 1346 2940 Exivit
1360 2893 1441 2966 ergo
1458 2871 1583 2942 iterum
1603 2871 1733 2944 Piiotus
1753 2874 1857 2959 form,
1880 2886 1914 2950 et

1235 2977 1319 3048 dicit
1339 2977 1387 3048 eis
1411 3003 1419 3045 :
1444 2977 1531 3048 Ecce
1554 2976 1688 3050 odorico
1705 2980 1807 3076 {vobis
1831 3007 1911 3055 eom

1235 3083 1340 3170 toras,
1365 3091 1404 3154 ut
1425 3083 1651 3180 cognoscitis,
1677 3087 1758 3182 quia
1781 3088 1912 3161 mittam

1234 3190 1373 3260 invenio
1394 3190 1428 3261 in
1454 3212 1495 3260 eo
1519 3211 1671 3261 causam.
1699 3191 1810 3265 Exirit
1832 3219 1913 3294 ergo

1234 3297 1332 3368 Jcsus
1347 3303 1489 3390 portans
1504 3294 1675 3367 Coronam
1691 3301 1858 3393 spineam,
1879 3309 1913 3374 ct

1235 3405 1452 3500 purprircum
1494 3402 1747 3476 vestimentum.
1784 3406 1907 3481 Credo.

1286 3508 1643 3607 Offcrtorinm.'i'uanr
1656 3507 1826 3583 Coronam
1839 3514 1914 3587 arlo

1235 3619 1367 3709 romus‚
1393 3618 1540 3690 Domine
1569 3647 1577 3689 :
1609 3628 1703 3690 tuam
1727 3619 1910 3716 gloriosam

1236 3725 1421 3798 recolimus
1435 3726 1640 3820 passionem.

1497 3848 1650 3914 Secreto.

1305 3982 1421 4033 conon
1452 3958 1617 4045 miiitum,
1650 3960 1724 4032 nex
1757 3962 1912 4056 omnipo*

1328 4074 1417 4147 tens,
1433 4066 1593 4139 virttitem
1609 4066 1733 4140 robora
1749 4094 1756 4136 ε
1774 4075 1911 4163 utquos

1236 4174 1269 4243 in
1294 4173 1400 4267 hujus
1425 4172 1642 4244 mortaiitoiis
1666 4173 1776 4245 siooio
1798 4175 1914 4271 unigo-

1237 4280 1297 4350 oiti
1317 4279 1396 4350 Filii
1419 4280 1466 4350 tui
1488 4278 1624 4352 Corona
1643 4278 1810 4365 iaetificat3
1836 4304 1913 4353 con·

1233 4386 1409 4458 summoto
1423 4409 1526 4457 cursu
1541 4386 1752 4476 certaminis,
1770 4386 1912 4459 immor.

1234 4499 1375 4573 taiitotis
1388 4498 1543 4571 bravium
1559 4499 1833 4595 apprehendant.
1846 4500 1912 4573 Per

1234 4607 1396 4680 erimdem
1409 4606 1610 4678 Dominum.

1285 4720 1626 4817 Prototioocorncc,
1637 4746 1672 4817 p.
1687 4726 1753 4793 197
1763 4720 1816 4793 nel
1825 4728 1907 4795 220.

1284 4838 1505 4911 Communis.
1523 4841 1622 4909 Pron.
1638 4842 1671 4909 o.
1689 4838 1831 4921 notare,
1846 4862 1912 4910 ma-

1236 4953 1287 5017 ter
1302 4951 1431 5031 nostra,
1454 4944 1534 5039 quia
1554 4942 1648 5015 dabit
1669 4942 1839 5015 Dominus
1858 4945 1912 5015 cai·

1235 5052 1295 5146 piti
1313 5058 1372 5122 tuo
1387 5052 1572 5147 augmento
1587 5048 1794 5149 gratiorom,
1811 5056 1844 5122 ct
1858 5072 1911 5123 co·

1234 5158 1321 5227 rona
1337 5154 1464 5249 inclyta
1478 5156 1633 5251 proteget
1648 5160 1694 5227 tc.

1428 5268 1719 5343 Postcommnnio.

1292 5411 1444 5462 orrtmss
1459 5395 1490 5461 te
1502 5389 1677 5485 rogomus,
1694 5388 1911 5483 omnipotens

1239 5416 1289 5571 S
1314 5499 1408 5570 Deus
1427 5526 1433 5568 :
1453 5502 1490 5569 nt
1505 5496 1582 5569 hor
1601 5496 1814 5566 sacranronta
1833 5518 1911 5589 qum

506 5605 695 5681 Grndnnte.
712 5608 797 5679 iiio.
813 5608 950 5680 Corona
963 5610 1066 5681 ourea
1080 5634 1133 5682 su·
1234 5607 1457 5702 srimpsimus‚
1490 5626 1550 5698 per
1579 5592 1803 5675 sacrosantis
1833 5600 1910 5682 Fitii

458 5822 658 5904 sanctitotis,
683 5821 790 5913 gioria
813 5822 966 5906 honoris,
990 5828 1132 5917 etopus

370 6019 372 6048 Ι
458 5928 685 6003 iortitridinis,
712 5928 748 6006 i.
780 5927 912 6002 Psalm.
944 5932 1003 6001 20.
1034 5931 1132 6017 Quo-

415 5727 417 5742 '
459 5740 518 5810 per
549 5723 654 5811 capot
691 5715 765 5810 ojus
800 5744 809 5788 ι
842 5718 1000 5811 exprossa
1034 5716 1132 5813 signo
1234 5710 1912 5808 tniCoronae‚cujussoiomniarecenso·

1235 5848 1326 5905 mos,
1350 5820 1525 5906 rirtritem,
1548 5816 1644 5891 nobis
1664 5816 1846 5913 proficiant
1867 5814 1910 5892 ad

1237 5928 1420 6003 medoiam.
1439 5926 1504 5999 Per
1523 5926 1684 5999 erimdcm
1706 5923 1906 5995 Dominum.
