5325 7200
604 789 626 841 2
1242 760 1316 838 Die
1331 759 1434 860 xxvj.
1457 751 1699 834 Decembris.

603 911 695 1000 hic,
730 934 809 986 non
827 922 927 986 esset
956 910 1137 982 mortuus
1165 903 1282 980 frater
1301 926 1428 978 meus.
1499 898 1560 975 nis
1591 895 1782 974 effusione
1811 900 1974 972 testatus
2003 908 2074 970 est.
2113 893 2183 968 Per
2207 899 2299 968 eum·

603 1023 721 1098 Jesus
746 1042 864 1115 ergo,
897 1031 942 1092 ut
965 1012 1065 1089 vidit
1083 1037 1172 1087 earn
1193 1012 1429 1110 plorontem,
1499 1007 1639 1084 dem...
1663 1009 1709 1081 In
1727 1003 1875 1080 unitote
1892 1002 2085 1102 ejusdem.

607 1144 645 1203 et
678 1125 865 1212 Judaeos‚
906 1121 975 1222 qui
1010 1126 1198 1196 venerant
1232 1143 1326 1196 cum
1357 1141 1429 1203 ea,
1547 1117 1596 1190 Et
1614 1114 1657 1188 fit
1676 1125 2001 1188 commemoratio
2025 1106 2160 1187 Feriae.

608 1235 821 1334 plorontes,
853 1226 1056 1306 infromuit
1089 1224 1242 1325 spiritu,
1280 1240 1317 1300 et
1352 1240 1433 1298 tur·
1550 1217 1730 1296 Praelatio
1750 1215 1924 1318 propria.

609 1339 717 1416 bovit
749 1341 938 1437 seipsum,
974 1351 1011 1411 et
1042 1334 1168 1410 dixit:
1192 1330 1272 1410 Ubi
1300 1333 1433 1431 posui·
1545 1325 1801 1407 Communio
1834 1325 1967 1402 2Cor.
2001 1339 2028 1396 1.
2060 1319 2171 1396 Sicut
2199 1321 2304 1396 abtin·
2399 1349 2400 1420 p

608 1446 677 1522 stis
694 1449 815 1522 euml
838 1441 984 1520 Dicunt
1003 1440 1038 1517 ei
1059 1470 1068 1519 :
1091 1437 1263 1516 Domine
1282 1499 1291 1528 ,
1311 1435 1430 1526 veni,
1498 1435 1594 1512 dant
1626 1433 1827 1533 passiones
1863 1427 2008 1508 Christi
2042 1427 2083 1502 in
2118 1428 2236 1512 nobis,
2262 1428 2304 1506 ila
2399 1429 2400 1458 ¹

609 1570 646 1630 et
679 1551 784 1628 vide.
830 1551 880 1629 Et
922 1551 1162 1650 lacrymotus
1203 1563 1260 1622 est
1302 1548 1431 1622 Jesus.
1497 1559 1534 1618 et
1572 1565 1641 1642 per
1667 1539 1868 1617 Christum
1909 1534 2087 1613 abundat
2113 1535 2304 1611 consolatio
2399 1517 2400 1580 Ὗ

611 1659 803 1736 Dixorunt
842 1681 934 1755 ergo
974 1655 1134 1734 Judaei:
1184 1655 1284 1730 Ecce
1336 1653 1435 1752 quo·
1499 1665 1645 1726 nostra.
1709 1689 1712 1702 ·

610 1766 732 1844 modo
764 1765 925 1841 amobat
956 1789 1064 1840 euru.
1100 1761 1276 1858 Quidam
1302 1774 1435 1836 autem
1742 1749 2081 1829 Postcommunio.

609 1900 657 1950 ex
683 1871 780 1972 ipsis
810 1871 1021 1948 dixorunt‘:
1055 1871 1150 1946 Non
1178 1873 1328 1969 poterat
1356 1864 1433 1954 hic,
1581 1879 1766 1936 OELEsrts
1799 1881 1944 1934 mensae
1978 1855 2123 1932 virtute
2150 1855 2307 1930 recrcotis

610 1980 680 2082 qui
711 1978 864 2078 aporuit
890 1979 1029 2055 oculos
1059 1975 1150 2053 caeci
1182 1975 1276 2062 nati,
1310 1974 1437 2049 locere
1600 1982 1739 2066 proesta
1758 1965 1887 2056 nobis,
1908 1968 2162 2062 omnipotens
2191 1964 2304 2038 Deus:
2399 2029 2400 2032 ,

613 2103 655 2164 ut
688 2085 864 2162 hicnon
900 2089 1151 2160 morereturl
1187 2085 1304 2159 lesus
1346 2101 1437 2178 ergo
1499 2088 1543 2148 ut
1573 2073 1674 2150 beoti
1711 2072 1847 2150 Ldzari
1875 2070 2060 2172 procibus
2079 2086 2115 2146 et
2134 2071 2304 2166 exemplo,
2399 2139 2400 2166 ,

612 2215 771 2270 rursum
790 2191 962 2268 fremens
988 2191 1029 2267 in
1055 2193 1297 2289 semetipse,
1330 2183 1438 2264 venit
1501 2204 1573 2258 nec
1601 2179 1834 2280 persecutio,
1863 2202 1935 2255 nec
1962 2175 2118 2276 glodius
2148 2181 2306 2273 separore
2399 2181 2400 2200 ¹

613 2299 664 2377 ad
697 2304 1017 2376 monumentum.
1058 2299 1154 2374 Erat
1184 2311 1316 2370 autern
1352 2317 1438 2394 spe·
1502 2311 1573 2362 nos
1602 2286 1725 2388 possit
1744 2311 1767 2364 a
1785 2285 1972 2362 charitate
1990 2299 2058 2360 tua
2077 2343 2086 2370 ,
2107 2305 2193 2382 quae
2209 2295 2257 2356 est
2274 2281 2305 2354 in

614 2409 757 2484 louca:
793 2420 831 2482 et
860 2404 961 2504 lapis
979 2401 1252 2504 superpositus
1282 2416 1364 2476 erat
1385 2397 1434 2476 ei.
1501 2394 1658 2470 Christo
1688 2396 1782 2472 Jesu
1817 2391 1918 2470 Filio
1945 2407 2015 2467 tuo
2057 2387 2226 2465 Domino
2249 2411 2305 2462 no·

612 2513 678 2590 Ait
708 2515 853 2590 lesus:
890 2510 1036 2588 Tollite
1055 2507 1242 2609 lopidem.
1272 2506 1377 2584 Dicit
1402 2504 1437 2582 ei
1501 2517 1594 2576 stro.
1635 2499 1715 2596 Qui
1750 2516 1879 2576 tecum
1917 2496 2015 2574 vivit
2049 2511 2085 2572 et
2122 2511 2243 2592 regnat
2273 2491 2305 2568 in
2399 2501 2400 2508 '

615 2619 788 2707 Martha,
810 2642 923 2694 soror
938 2621 1024 2719 ejus
1051 2616 1120 2717 qui
1141 2620 1323 2691 mortuus
1355 2614 1437 2690 lue·
1500 2597 1649 2684 unit'ate
1669 2605 1838 2706 Spiritus
1858 2601 1981 2680 sancti
2003 2605 2125 2678 Deus.
2151 2603 2219 2678 Per
2238 2603 2306 2674 om·
2399 2593 2400 2614 ¹

614 2743 702 2804 rat:
725 2723 909 2814 Domine,
942 2727 1023 2826 Jam
1051 2725 1178 2812 foetet,
1207 2719 1438 2822 quatriduo·
1500 2712 1566 2790 nia
1585 2715 1727 2792 saecula
1746 2714 1997 2790 saeculorum.

614 2859 689 2910 nus
706 2847 763 2909 est
780 2831 903 2908 enim.
927 2829 1031 2909 Dicit
1048 2827 1084 2906 ei
1110 2832 1227 2908 Jesus
1247 2855 1256 2903 ε
1291 2829 1437 2904 Nonne
1555 2823 1604 2900 Et
1622 2821 1665 2898 fit
1683 2815 2009 2900 commemoratio
2027 2813 2163 2896 Feriae.

613 2939 694 3018 dixi
723 2937 794 3016 tibi
826 2936 1019 3038 quoniam
1054 2936 1087 3013 si
1117 2935 1342 3024 credideris,
1379 2932 1437 3012 vi·

613 3047 725 3125 debis
756 3045 920 3145 gloriam
959 3043 1033 3121 Del
1051 3050 1066 3121 'l
1110 3044 1305 3120 Tulorunt
1348 3067 1438 3142 ergo
1814 3003 2019 3168 32¹3&ss

615 3153 1439 3356 {tumltu{luntrium
1580 3193 2251 3382 ssxgppppgppppu

615 3391 687 3466 ⁸3⁰
723 3364 796 3442 tibi
820 3363 1202 3486 .qu⁶¹¹i³m.³⁰di⁵ti
1239 3389 1316 3442 me·
1357 3367 1439 3464 Eg⁰
1552 3413 1951 3492 Utinsrnelllissalis
1994 3437 2087 3492 cum
2204 3433 2304 3490 mem.

614 3490 747 3550 autem
777 3473 951 3549 sciebam
981 3497 1077 3574 quta
1104 3496 1260 3572 semper
1289 3496 1440 3548 meau·
1515 3525 1559 3602 F·
1594 3522 1613 3567 ·,
1958 3474 1967 3506 ¹
2115 3437 2200 3492 Com

614 3579 690 3668 dis,
724 3578 791 3657 sed
822 3595 982 3679 propter
1013 3580 1224 3681 populum,
1262 3577 1331 3680 qui
1366 3577 1472 3666 cir·,
1550 3547 1651 3601 enae'

614 3695 809 3773 cumstat,
842 3685 955 3762 dixi:
989 3704 1034 3762 ut
1067 3686 1231 3762 credant
1266 3685 1362 3785 quia
1397 3702 1438 3762 tu
1813 3706 1882 3765 ulli
1908 3703 2018 3767 Xttvt.

616 3820 679 3871 me
710 3792 866 3871 misisti.
903 3796 999 3872 l-laec
1027 3818 1120 3873 cum
1139 3793 1322 3885 dixisset,
1343 3818 1440 3871 voce
1672 3810 1714 3868 ru
1736 3810 1865 3868 rasro
1883 3811 1918 3869 s.
1940 3808 2164 3869 sternitur.

616 3925 758 4001 magna
778 3899 964 3978 clamovit
985 3930 993 3977 ε
1021 3903 1180 3989 Lozare,
1200 3900 1291 3977 veni
1319 3902 1437 3980 foras.
1582 3902 1690 3979 PRO
1710 3898 2249 3978 COMMEMORATIONE

618 4010 669 4085 Et
687 4004 816 4083 statim
836 4006 983 4106 prodiit
1000 4006 1070 4107 qui
1085 4007 1210 4083 fuerat
1229 4012 1437 4097 mortuus,
1652 4026 1826 4085 onmun
1855 4026 1912 4083 ss.
1934 4024 2182 4083 naumann.

618 4111 758 4213 ligotus
785 4112 909 4213 pedes
938 4127 977 4188 et
1009 4136 1153 4188 manus
1189 4110 1363 4201 institis,
1405 4128 1441 4189 et
1841 4116 1993 4193 Oratio,

617 4218 736 4297 socies
754 4218 861 4296 illius
880 4216 1041 4296 sudorio
1065 4235 1146 4295 erat
1174 4218 1303 4317 ligdta.
1338 4216 1443 4295 Dixit
1590 4240 1691 4309 EUS,
1728 4218 1797 4319 qui
1832 4218 2063 4319 glorificaris
2099 4218 2137 4295 in
2169 4215 2313 4296 concilio

617 4327 675 4405 eis
702 4330 820 4405 lesus
840 4354 850 4402 ε
884 4325 1032 4404 Solvite
1049 4350 1142 4403 eum
1162 4386 1172 4415 ,
1190 4342 1227 4401 et
1246 4324 1360 4401 sinite
1374 4326 1442 4401 ab·
1625 4332 1851 4403 sanctorum
1891 4316 2116 4426 Martyrum
2158 4329 2311 4407 tuorum.

618 4439 688 4512 ire.
712 4431 828 4510 Multi
846 4458 937 4532 ergo
955 4459 1002 4509 ex
1018 4436 1037 4511 J
1045 4430 1168 4509 udaeis
1185 4492 1195 4521 ,
1230 4432 1299 4534 qui
1326 4438 1442 4509 vone·
1506 4432 1654 4533 respice
1672 4432 1723 4509 ad
1742 4457 1877 4533 preces
1896 4431 2134 4509 humilitotis
2162 4448 2311 4507 nostra:

618 4558 704 4617 rant
735 4538 787 4617 ad
814 4542 988 4617 Mariam
1006 4555 1042 4615 et
1062 4539 1290 4627 Martham,
1323 4554 1360 4615 et
1386 4544 1443 4615 vi·
1505 4556 1547 4615 ut
1574 4564 1746 4639 quorum
1775 4538 1969 4615 solemnia
1986 4540 2241 4623 celebramus,
2259 4538 2314 4609 eo·

617 4648 756 4726 derant
785 4672 875 4748 quae
909 4646 998 4725 lecit
1029 4650 1159 4735 Jesus,
1192 4645 1443 4724 crediderunt
1506 4670 1594 4722 rurn
1621 4647 1806 4746 precibus
1832 4644 2013 4748 adjuvori
2041 4650 2268 4723 mereomur.

619 4755 660 4832 in
677 4755 945 4839 eumCredo.
1554 4756 1691 4837 Postea
1711 4756 1753 4833 lit
1776 4780 1990 4839 commem.
2009 4757 2182 4833 Octavae.

662 4864 1035 4958 offertoriumCol.
1058 4860 1278 4943 1.Goudeo
1303 4860 1343 4937 in
1358 4886 1445 4961 pas·
1828 4866 1998 4941 Secreta.
2054 4946 2057 4953 Δ

619 4970 828 5071 sionibus,
854 4984 890 5045 et
908 4968 1109 5068 adimpleo
1127 4994 1174 5046 ea
1190 4992 1280 5068 quae
1301 4968 1443 5045 desunt
1570 4990 1749 5055 uasto,
1798 4966 1999 5059 Domine,
2042 4962 2315 5068 supplicationi·
2399 4978 2400 5069 l

617 5076 850 5179 passionum
871 5074 1017 5151 Christi
1037 5074 1214 5152 incarne
1235 5098 1341 5165 mea,
1370 5101 1443 5176 pro
1502 5000 1678 5169 Abos
1715 5074 1871 5165 nostris,
1904 5100 2002 5177 quas
2035 5076 2075 5151 in
2111 5078 2313 5151 sanctorum

617 5189 783 5283 corpore
801 5185 886 5282 eius
904 5180 1014 5303 quor}
1034 5197 1091 5257 est
1121 5180 1308 5272 Ecclesia,
1331 5186 1445 5284 cuius
1491 5192 1665 5267 'tuorum
1685 5186 2066 5265 commemoratione
2090 5184 2311 5261 deserimus:

618 5292 744 5369 factus
762 5312 852 5365 sum
870 5312 940 5385 ego
956 5292 1144 5366 mrulster.
1372 5362 1375 5367 .
1506 5314 1549 5375 ut
1579 5294 1648 5397 qui
1680 5310 1824 5371 nostrae
1850 5292 2006 5393 justitiae
2032 5290 2219 5369 fiduciam
2249 5309 2312 5363 non

941 5401 1110 5481 Secreta.
1507 5404 1867 5489 habemus,eorum
1899 5398 1969 5499 qui
2000 5397 2071 5475 tibi
2104 5398 2313 5499 placuerunt

702 5523 955 5618 'ucarloueu
983 5520 1188 5595 nostram,
1214 5530 1444 5605 quaesumus
1507 5508 1655 5587 moritis
1669 5508 1917 5609 adjuvemur.

575 5633 581 5643 “
730 5611 925 5701 Domine,
953 5610 1236 5690 benedictionis
1256 5636 1337 5687 suae
1358 5636 1444 5689 rore
1753 5616 2092 5697 postcommunio
2399 5686 2400 5695 r

619 5721 833 5827 perfundat
870 5719 1042 5821 Spiritus
1077 5736 1266 5809 sanctus,
1308 5736 1345 5796 et
1374 5745 1446 5796 nos
1601 5740 1821 5811 munus,
1862 5720 2049 5809 Domine,
2098 5716 2315 5797 solutoribus

618 5834 842 5908 constontes
877 5825 1021 5905 efficiat
1055 5825 1098 5903 in
1128 5826 1206 5903 fide
1242 5826 1439 5915 vetitius,
1617 5828 1752 5931 reploti
1772 5828 1968 5930 mystoriis
1990 5856 1998 5905 :
2019 5844 2064 5905 ut
2082 5850 2248 5929 quorum
2266 5847 2314 5899 so·

619 5960 744 6040 quam
777 5936 915 6013 beotus
935 5938 1123 6024 Lozarus,
1156 5932 1299 6011 Christi
1327 5930 1443 6011 discl·
1653 5934 1797 6013 lemnia
1810 5938 2070 6027 celebramus,
2090 5940 2227 6013 eorum
2243 5952 2312 6006 ora·
2399 5948 2400 5967 ²

621 6044 752 6147 polus,
785 6057 822 6119 et
855 6039 1052 6141 praeconio
1084 6038 1194 6119 vocis
1224 6057 1262 6117 et
1286 6038 1444 6138 sangui·
1503 6041 1680 6122 tionibus
1697 6042 1945 6145 adjuvemur.
