5325 7200
782 996 851 1069 Die
880 994 979 1095 xviij.
1011 1000 1106 1093 Aug.
1139 997 1178 1069 lu
1206 996 1318 1069 Festo
1347 996 1382 1069 S.
1416 992 1629 1092 Hyacinthi.

704 1130 849 1203 Oratio.
1243 1129 1363 1207 Sedes
1376 1130 1506 1205 beatas
1521 1131 1666 1209 lumine

472 1261 575 1328 sus,
597 1261 669 1336 pro
691 1239 801 1337 quus
823 1245 958 1313 amdre
979 1239 1093 1313 beata
1113 1238 1188 1314 Ra·
1290 1237 1408 1313 Novo
1418 1238 1558 1335 fulgere
1573 1240 1739 1318 sentiunt

381 1256 462 1425 D
492 1341 686 1440 degimdis
703 1367 750 1417 ex
769 1344 867 1418 aulae
885 1344 1064 1437 tumultu,
1082 1367 1186 1443 spre·
1291 1342 1374 1419 Poli
1389 1368 1396 1415 :
1412 1358 1521 1419 terrae
1532 1342 1763 1423 miraculum

382 1447 430 1522 tis
458 1448 601 1523 mundi
627 1448 841 1543 illecebris,
868 1450 908 1523 in
938 1448 1186 1527 solitudinem
1340 1448 1531 1524 Mirantur
1544 1452 1711 1528 Coelites.

383 1553 579 1631 evolavit:
602 1556 725 1631 tribue
740 1555 875 1649 nobis;
896 1559 1037 1657 exejus
1060 1555 1186 1631 imita·
1243 1556 1285 1630 ln
1299 1578 1366 1629 ore
1380 1570 1522 1654 quanta
1535 1557 1697 1655 Virginis

385 1660 508 1753 tidne,
528 1668 682 1736 terrena
695 1659 907 1762 despicere,
923 1667 957 1737 a
970 1670 1101 1739 amare
1112 1684 1186 1739 coe·
1290 1661 1473 1760 Splendet
1485 1665 1666 1763 majestas
1680 1670 1688 1741 l
1701 1664 1811 1742 labiis

385 1766 508 1843 lesda.
530 1770 608 1843 Per
621 1768 847 1843 Dominum.
1292 1769 1393 1862 Quae
1414 1768 1534 1866 gratia
1552 1769 1804 1847 diffunditur!

433 1878 491 1950 lit
521 1877 741 1950 Commem.
777 1877 912 1949 Oilar.
945 1878 982 1948 S.
1012 1877 1179 1947 Lauren
1341 1874 1432 1951 Solo
1457 1874 1586 1952 minor
1607 1880 1705 1953 De0.

386 1984 442 2074 tiis.
474 1998 564 2081 post
604 1985 667 2057 SS.
707 1982 903 2082 Hippolyti
939 1986 970 2055 ἃ
1010 1982 1179 2056 Cassiani
1243 1980 1353 2079 Opus
1380 1982 1528 2056 nullum
1552 1984 1757 2084 perfectius

395 2093 506 2165 llari.
528 2115 568 2188 p.
584 2090 671 2185 434.
1290 2087 1476 2185 Agnoscit
1497 2088 1581 2189 ipsa
1591 2091 1784 2187 Trinitas3

700 2198 863 2271 Secreta.
1290 2192 1396 2267 Nulli
1420 2194 1536 2293 fulget
1561 2197 1797 2296 splendidior

469 2326 559 2394 sus,
594 2300 660 2401 qui
688 2303 810 2377 beatae
838 2299 1086 2400 Radegirndis
1108 2302 1185 2377 Re·
1340 2302 1496 2376 Cordna
1509 2302 1638 2401 capiti.

384 2328 462 2493 D
493 2414 593 2507 ginae
620 2408 799 2483 manibus
827 2416 1060 2509 praepardtas
1083 2408 1187 2483 obla·
1241 2406 1388 2481 Totum
1413 2432 1454 2481 se
1479 2408 1545 2485 dat
1568 2411 1679 2487 Natae
1703 2414 1816 2487 Pater
1826 2440 1837 2507 3

386 2514 510 2589 tidnes
530 2521 726 2615 suscipere
740 2514 918 2613 dignatus
932 2538 974 2590 es
980 2540 991 2607 ;
1016 2514 1077 2589 iac
1098 2536 1183 2607 nos,
1289 2514 1436 2588 Totum
1457 2538 1498 2589 se
1524 2516 1639 2592 Matri
1661 2516 1807 2613 Filius;

388 2624 468 2721 ejus
491 2620 791 2714 intercessione,
818 2620 872 2696 ita
898 2620 974 2696 tuis
1001 2619 1186 2696 inhaerere
1290 2620 1450 2718 Sponsae
1471 2622 1615 2722 pcdiori
1640 2624 1802 2725 Spiritus

388 2728 601 2828 obsequiis,
623 2745 667 2804 ut
688 2744 838 2826 gratum
861 2726 930 2803 tibi
954 2725 1185 2803 sacrificium
1339 2726 1463 2801 Totus
1490 2726 1670 2805 illabitur.

385 2836 524 2909 offerre
548 2836 762 2911 valeamus.
785 2836 859 2911 Per
883 2832 1093 2911 deinum
1114 2857 1185 2908 no·
1241 2829 1341 2924 Quis
1364 2834 1499 2908 dculus
1523 2836 1744 2913 mortalium

309 2949 314 3018 ff
385 2958 510 3017 strum
522 2944 656 3019 lesum
671 2940 880 3016 Christum.
1289 2936 1351 3011 Ad
1373 2953 1453 3013 tam
1476 2942 1550 3016 late
1572 2942 1720 3017 micans
1741 2945 1853 3043 jubar

433 3056 653 3129 Comnrcm.
672 3064 859 3146 utsupra.
1289 3043 1382 3118 Non
1400 3046 1564 3144 caliget?
1582 3048 1764 3146 Angelica

614 3153 942 3231 Postcommunio.
1341 3151 1440 3243 Quae
1458 3150 1518 3228 vis
1539 3154 1759 3230 sustineat?

467 3286 579 3337 earm
619 3258 868 3359 Radegundis
895 3260 1076 3359 Reginae,
1108 3264 1187 3336 Dd·
1242 3258 1342 3350 Quae
1365 3256 1451 3332 sinu
1468 3259 1635 3359 portavit
1651 3263 1791 3355 Deum,

388 3286 459 3451 B
477 3366 598 3459 mine,
615 3365 801 3464 suffragiis
815 3374 1014 3441 exoratus:
1031 3372 1186 3465 percep
1292 3366 1396 3440 Puro
1417 3389 1503 3463 quae
1524 3366 1620 3442 ladle
1639 3367 1783 3461 nutriit,

386 3493 424 3551 ta
440 3500 516 3550 nos
532 3472 770 3550 sacramenti
783 3471 837 3547 tui
853 3470 993 3546 virtute
1007 3470 1181 3545 defende.
1292 3472 1379 3545 Hoc
1403 3472 1485 3546 sola
1504 3472 1658 3571 pondus
1677 3473 1805 3571 gldriae

387 3584 458 3658 Per
481 3580 694 3657 deinum
719 3594 894 3654 nostrum
921 3580 1054 3655 Jesum
1079 3577 1184 3654 Chri·
1340 3576 1456 3678 Virgo
1471 3595 1595 3655 mater
1606 3580 1713 3656 ferat.

387 3705 491 3765 stum
511 3687 650 3763 Filium
664 3701 789 3761 tuum.
1243 3685 1278 3759 O
1300 3685 1435 3760 beata!
1452 3687 1556 3762 coelo
1572 3703 1725 3786 potens,

435 3799 711 3873 Commemut
725 3819 852 3894 supra.
1291 3790 1368 3866 Tui
1389 3816 1525 3868 sumus
1536 3821 1548 3888 ;
1573 3793 1786 3893 potentiam

387 3909 1178 3922 *m
1292 3900 1335 3973 ln
1349 3914 1461 3974 natos
1475 3907 1587 3974 exere
1602 3915 1708 3975 tuam
1726 3927 1736 3993 ;

698 3989 776 4052 Dffi
798 3989 874 4052 XV·
1339 4003 1455 4080 Adsis
1476 4005 1728 4082 vocantibus!

692 4118 727 4164 ll
762 4115 878 4166 FESTO
1243 4114 1316 4185 Per
1329 4127 1366 4186 te
1382 4127 1456 4187 stat
1471 4111 1604 4188 Galliae
1619 4113 1766 4187 decus:

472 4213 856 4290 ASSUMPTlONlS
881 4215 927 4286 B.
955 4213 1012 4287 M.
1040 4213 1087 4286 V.
1294 4221 1366 4292 Per
1379 4233 1415 4292 te
1430 4243 1582 4319 semper
1596 4235 1668 4294 stet
1680 4217 1830 4296 Gallia:

447 4335 498 4409 Ut
517 4332 555 4406 in
574 4331 774 4427 Missalip.
791 4331 877 4428 437.
911 4336 981 4409 hac
1003 4335 1130 4411 addita
1292 4327 1350 4399 Te
1365 4349 1437 4400 nos
1451 4349 1605 4425 semper
1616 4323 1848 4418 amabimus,

674 4440 888 4538 Sequentia.
1340 4433 1404 4506 Tu
1418 4455 1490 4507 nos
1505 4455 1773 4531 semperama.

463 4541 734 4618 nimmensum
748 4565 817 4641 per
836 4549 941 4633 aera,
1339 4544 1476 4614 Amen.
1498 4539 1674 4637 Alleluja.

496 4649 558 4724 Ad
570 4648 744 4722 coelestes
756 4647 847 4723 Sion
862 4646 1004 4721 domos
1403 4703 1406 4716 .
1710 4727 1718 4738 ,

439 4754 729 4854 Triumphatrix
741 4752 894 4852 erigitur
1545 4740 1623 4802 D¹E
1645 4739 1739 4803 XVI·

490 4860 606 4958 Virgo
620 4861 746 4935 Mater
758 4859 841 4936 Dei.
1555 4867 1722 4918 {NFESTO

388 4965 660 5066 Triumphanti
674 4968 817 5041 multus
831 4963 940 5040 adest
1448 4962 1635 5038 SANCTI
1669 4961 1834 5039 ROCHI

439 5074 963 5172 ComeschorusAligerum;
1507 5097 1771 5152 consessurus.

436 5180 733 5280 Dulcisonisque
748 5187 901 5255 resonat
1289 5185 1341 5262 Ut
1354 5182 1390 5259 in
1405 5188 1677 5287 Supplemento
1686 5193 1861 5292 generali.
1876 5210 1914 5284 p-
1928 5183 2038 5259 cxlix·

486 5287 627 5363 AEther
639 5285 901 5363 concentibus.
1243 5297 2038 5312 m

388 5395 463 5471 Alii
475 5395 640 5469 sublime
652 5394 779 5469 ferunt
1525 5367 1602 5431 Dlss
1630 5367 1761 5432 xvffl·

438 5502 563 5576 Dulce
575 5500 727 5600 pondus
742 5498 987 5598 gestantibus,
1557 5503 1593 5548 ΙΝ
1609 5501 1725 5551 FESTO

439 5606 566 5683 Portis
580 5607 724 5682 coelum
735 5605 966 5706 patentibus,
1385 5593 1573 5670 SANCTl
1602 5591 1897 5668 HYACINTHI

487 5715 655 5788 Mariam
667 5711 811 5811 recipit
944 5729 950 5744 ·
1506 5726 1766 5779 consessurus.

390 5820 549 5895 Intranti
564 5817 737 5895 Christus
751 5819 909 5894 Obvram
1291 5817 1331 5889 ln
1356 5813 1519 5906 Missali,
1545 5817 1605 5893 die
1630 5847 1703 5895 xvi
1740 5823 1853 5921 hujus
1881 5827 2033 5904 mensis.

438 5925 564 6017 Venit,
581 5928 748 6001 Matrem
761 5927 902 6001 throno
913 5924 985 6000 srbt
1243 5953 1282 6026 p.
1300 5927 1389 6040 439.

438 6032 945 6131 Jubetsedereprdximam,
1292 6027 1413 6101 Missa
1446 6033 1503 6107 Os
1527 6030 1626 6131 justi.
1656 6033 1702 6110 de
1733 6041 1885 6119 Conrnr
1922 6045 2031 6120 Conl.

489 6139 538 6213 Et
550 6139 801 6238 requiescere
1241 6157 1317 6209 non
1346 6138 1426 6209 Pon
1430 6137 1515 6213 tiiic
1510 6165 1551 6214 rs
1576 6137 1722 6238 vaij.
