<?xml version="1.0" encoding="UTF-8"?>
<!DOCTYPE html PUBLIC "-//W3C//DTD XHTML 1.0 Transitional//EN"
    "http://www.w3.org/TR/xhtml1/DTD/xhtml1-transitional.dtd">
<html xmlns="http://www.w3.org/1999/xhtml" xml:lang="en" lang="en">
 <head>
  <title>
</title>
<meta http-equiv="Content-Type" content="text/html;charset=utf-8" />
  <meta name='ocr-system' content='tesseract 3.04.00' />
  <meta name='ocr-capabilities' content='ocr_page ocr_carea ocr_par ocr_line ocrx_word'/>
</head>
<body>
  <div class='ocr_page' id='page_1' title='image "./officiapropriad00churgoog_0387.png"; bbox 0 0 5325 7200; ppageno 0'>
   <div class='ocr_carea' id='block_1_1' title="bbox 1068 736 1372 838">
    <p class='ocr_par' dir='ltr' id='par_1_1' title="bbox 1068 736 1372 838">
     <span class='ocr_line' id='line_1_1' title="bbox 1068 736 1372 838; baseline -0.007 -21"><span class='ocrx_word' id='word_1_1' title='bbox 1068 742 1141 819; x_wconf 84' lang='lat' dir='ltr'>llie</span> <span class='ocrx_word' id='word_1_2' title='bbox 1170 738 1244 813; x_wconf 87' lang='lat' dir='ltr'>xix.</span> <span class='ocrx_word' id='word_1_3' title='bbox 1268 736 1372 838; x_wconf 78' lang='lat' dir='ltr'>Maji.</span> 
     </span>
    </p>
   </div>
   <div class='ocr_carea' id='block_1_2' title="bbox 328 904 1178 5923">
    <p class='ocr_par' dir='ltr' id='par_1_2' title="bbox 328 904 1178 3672">
     <span class='ocr_line' id='line_1_2' title="bbox 329 904 1176 1009; baseline -0.005 -24"><span class='ocrx_word' id='word_1_4' title='bbox 329 930 409 987; x_wconf 91' lang='lat' dir='ltr'>non</span> <span class='ocrx_word' id='word_1_5' title='bbox 443 908 582 989; x_wconf 88' lang='lat' dir='ltr'>multi</span> <span class='ocrx_word' id='word_1_6' title='bbox 615 909 769 988; x_wconf 88' lang='lat' dir='ltr'>nobiles</span> <span class='ocrx_word' id='word_1_7' title='bbox 799 938 807 985; x_wconf 93' lang='lat'>:</span> <span class='ocrx_word' id='word_1_8' title='bbox 837 906 907 987; x_wconf 87' lang='lat' dir='ltr'>sed</span> <span class='ocrx_word' id='word_1_9' title='bbox 937 930 1026 1009; x_wconf 79' lang='lat' dir='ltr'>qnae</span> <span class='ocrx_word' id='word_1_10' title='bbox 1057 904 1176 985; x_wconf 88' lang='lat' dir='ltr'>stulta</span> 
     </span>
     <span class='ocr_line' id='line_1_3' title="bbox 328 1010 1178 1117; baseline -0.005 -26"><span class='ocrx_word' id='word_1_11' title='bbox 328 1024 423 1094; x_wconf 88' lang='lat' dir='ltr'>sunt</span> <span class='ocrx_word' id='word_1_12' title='bbox 441 1016 619 1111; x_wconf 90' lang='lat' dir='ltr'>mundi,</span> <span class='ocrx_word' id='word_1_13' title='bbox 640 1015 757 1117; x_wconf 81' lang='lat' dir='ltr'>elogii</span> <span class='ocrx_word' id='word_1_14' title='bbox 777 1014 884 1092; x_wconf 90' lang='lat' dir='ltr'>Deus</span> <span class='ocrx_word' id='word_1_15' title='bbox 902 1020 946 1091; x_wconf 90' lang='lat' dir='ltr'>ul</span> <span class='ocrx_word' id='word_1_16' title='bbox 962 1010 1178 1091; x_wconf 84' lang='lat' dir='ltr'>coul&#39;ondat</span> 
     </span>
     <span class='ocr_line' id='line_1_4' title="bbox 329 1117 1178 1224; baseline -0.007 -23"><span class='ocrx_word' id='word_1_17' title='bbox 329 1121 546 1224; x_wconf 84' lang='lat' dir='ltr'>sapiontes</span> <span class='ocrx_word' id='word_1_18' title='bbox 584 1130 664 1200; x_wconf 91' lang='lat' dir='ltr'>:et</span> <span class='ocrx_word' id='word_1_19' title='bbox 696 1120 856 1198; x_wconf 91' lang='lat' dir='ltr'>inllrma</span> <span class='ocrx_word' id='word_1_20' title='bbox 887 1119 1027 1197; x_wconf 92' lang='lat' dir='ltr'>mundi</span> <span class='ocrx_word' id='word_1_21' title='bbox 1061 1117 1178 1218; x_wconf 76' lang='lat' dir='ltr'>elegit</span> 
     </span>
     <span class='ocr_line' id='line_1_5' title="bbox 329 1222 1176 1324; baseline -0.007 -17"><span class='ocrx_word' id='word_1_22' title='bbox 329 1230 455 1321; x_wconf 84' lang='lat' dir='ltr'>Deus,</span> <span class='ocrx_word' id='word_1_23' title='bbox 471 1238 524 1307; x_wconf 88' lang='lat' dir='ltr'>ut</span> <span class='ocrx_word' id='word_1_24' title='bbox 541 1226 767 1307; x_wconf 88' lang='lat' dir='ltr'>conlondat</span> <span class='ocrx_word' id='word_1_25' title='bbox 783 1226 914 1320; x_wconf 82' lang='lat' dir='ltr'>fortia,</span> <span class='ocrx_word' id='word_1_26' title='bbox 932 1236 972 1305; x_wconf 91' lang='lat' dir='ltr'>et</span> <span class='ocrx_word' id='word_1_27' title='bbox 988 1222 1176 1324; x_wconf 73' lang='lat' dir='ltr'>ignobilia</span> 
     </span>
     <span class='ocr_line' id='line_1_6' title="bbox 329 1333 1172 1438; baseline -0.007 -23"><span class='ocrx_word' id='word_1_28' title='bbox 329 1334 475 1416; x_wconf 89' lang='lat' dir='ltr'>mundi</span> <span class='ocrx_word' id='word_1_29' title='bbox 496 1346 546 1415; x_wconf 88' lang='lat' dir='ltr'>et</span> <span class='ocrx_word' id='word_1_30' title='bbox 565 1335 884 1438; x_wconf 77' lang='lat' dir='ltr'>contemptibilia</span> <span class='ocrx_word' id='word_1_31' title='bbox 910 1333 1027 1435; x_wconf 76' lang='lat' dir='ltr'>elegit</span> <span class='ocrx_word' id='word_1_32' title='bbox 1052 1334 1172 1427; x_wconf 86' lang='lat' dir='ltr'>Deus,</span> 
     </span>
     <span class='ocr_line' id='line_1_7' title="bbox 330 1444 1177 1542; baseline -0.005 -23"><span class='ocrx_word' id='word_1_33' title='bbox 330 1454 367 1521; x_wconf 84' lang='lat' dir='ltr'>et</span> <span class='ocrx_word' id='word_1_34' title='bbox 393 1464 443 1520; x_wconf 88' lang='lat' dir='ltr'>ea</span> <span class='ocrx_word' id='word_1_35' title='bbox 471 1464 581 1542; x_wconf 83' lang='lat' dir='ltr'>quae</span> <span class='ocrx_word' id='word_1_36' title='bbox 607 1464 686 1520; x_wconf 92' lang='lat' dir='ltr'>non</span> <span class='ocrx_word' id='word_1_37' title='bbox 713 1454 820 1537; x_wconf 86' lang='lat' dir='ltr'>sunt,</span> <span class='ocrx_word' id='word_1_38' title='bbox 840 1451 882 1520; x_wconf 92' lang='grc' dir='ltr'>ιιι</span> <span class='ocrx_word' id='word_1_39' title='bbox 909 1462 956 1519; x_wconf 89' lang='lat' dir='ltr'>aa</span> <span class='ocrx_word' id='word_1_40' title='bbox 974 1461 1064 1540; x_wconf 82' lang='lat' dir='ltr'>quoe</span> <span class='ocrx_word' id='word_1_41' title='bbox 1082 1444 1177 1517; x_wconf 88' lang='lat' dir='ltr'>sunt</span> 
     </span>
     <span class='ocr_line' id='line_1_8' title="bbox 331 1544 1176 1647; baseline -0.005 -22"><span class='ocrx_word' id='word_1_42' title='bbox 331 1546 588 1645; x_wconf 83' lang='lat' dir='ltr'>destriteret,</span> <span class='ocrx_word' id='word_1_43' title='bbox 626 1559 670 1627; x_wconf 89' lang='lat' dir='ltr'>ut</span> <span class='ocrx_word' id='word_1_44' title='bbox 703 1570 784 1627; x_wconf 92' lang='lat' dir='ltr'>non</span> <span class='ocrx_word' id='word_1_45' title='bbox 817 1544 1009 1647; x_wconf 74' lang='lat' dir='ltr'>glorietur</span> <span class='ocrx_word' id='word_1_46' title='bbox 1044 1544 1176 1625; x_wconf 92' lang='lat' dir='ltr'>omnis</span> 
     </span>
     <span class='ocr_line' id='line_1_9' title="bbox 332 1653 1174 1757; baseline -0.005 -26"><span class='ocrx_word' id='word_1_47' title='bbox 332 1676 424 1733; x_wconf 89' lang='lat' dir='ltr'>caro</span> <span class='ocrx_word' id='word_1_48' title='bbox 442 1655 489 1731; x_wconf 92' lang='lat' dir='ltr'>in</span> <span class='ocrx_word' id='word_1_49' title='bbox 511 1655 739 1757; x_wconf 80' lang='lat' dir='ltr'>conspectu</span> <span class='ocrx_word' id='word_1_50' title='bbox 753 1656 853 1755; x_wconf 86' lang='lat' dir='ltr'>ejus.</span> <span class='ocrx_word' id='word_1_51' title='bbox 871 1653 1028 1753; x_wconf 86' lang='lat' dir='ltr'>Exipso</span> <span class='ocrx_word' id='word_1_52' title='bbox 1041 1662 1174 1731; x_wconf 89' lang='lat' dir='ltr'>autem</span> 
     </span>
     <span class='ocr_line' id='line_1_10' title="bbox 333 1759 1175 1863; baseline -0.002 -24"><span class='ocrx_word' id='word_1_53' title='bbox 333 1784 399 1840; x_wconf 78' lang='lat' dir='ltr'>ros</span> <span class='ocrx_word' id='word_1_54' title='bbox 431 1762 540 1841; x_wconf 84' lang='lat' dir='ltr'>estis</span> <span class='ocrx_word' id='word_1_55' title='bbox 571 1762 613 1839; x_wconf 94' lang='lat' dir='ltr'>in</span> <span class='ocrx_word' id='word_1_56' title='bbox 641 1763 800 1842; x_wconf 89' lang='lat' dir='ltr'>Christo</span> <span class='ocrx_word' id='word_1_57' title='bbox 826 1761 935 1855; x_wconf 82' lang='lat' dir='ltr'>iesu,</span> <span class='ocrx_word' id='word_1_58' title='bbox 955 1760 1023 1863; x_wconf 91' lang='lat' dir='ltr'>qui</span> <span class='ocrx_word' id='word_1_59' title='bbox 1049 1759 1175 1837; x_wconf 84' lang='lat' dir='ltr'>iactus</span> 
     </span>
     <span class='ocr_line' id='line_1_11' title="bbox 332 1866 1174 1970; baseline -0.004 -24"><span class='ocrx_word' id='word_1_60' title='bbox 332 1878 389 1947; x_wconf 85' lang='lat' dir='ltr'>est</span> <span class='ocrx_word' id='word_1_61' title='bbox 406 1866 538 1947; x_wconf 89' lang='lat' dir='ltr'>nobis</span> <span class='ocrx_word' id='word_1_62' title='bbox 568 1868 773 1970; x_wconf 79' lang='lat' dir='ltr'>Sapientia</span> <span class='ocrx_word' id='word_1_63' title='bbox 798 1890 822 1946; x_wconf 91' lang='lat' dir='ltr'>a</span> <span class='ocrx_word' id='word_1_64' title='bbox 849 1868 933 1945; x_wconf 88' lang='lat' dir='ltr'>Deo</span> <span class='ocrx_word' id='word_1_65' title='bbox 958 1878 1000 1945; x_wconf 89' lang='lat' dir='ltr'>et</span> <span class='ocrx_word' id='word_1_66' title='bbox 1021 1866 1174 1967; x_wconf 76' lang='lat' dir='ltr'>iustitia</span> 
     </span>
     <span class='ocr_line' id='line_1_12' title="bbox 335 1976 1174 2077; baseline -0.001 -23"><span class='ocrx_word' id='word_1_67' title='bbox 335 1988 371 2055; x_wconf 86' lang='lat' dir='ltr'>ct</span> <span class='ocrx_word' id='word_1_68' title='bbox 411 1976 691 2056; x_wconf 75' lang='lat' dir='ltr'>sanctihcblio</span> <span class='ocrx_word' id='word_1_69' title='bbox 734 1986 774 2056; x_wconf 89' lang='lat' dir='ltr'>et</span> <span class='ocrx_word' id='word_1_70' title='bbox 818 1976 1040 2077; x_wconf 79' lang='lat' dir='ltr'>redemptio</span> <span class='ocrx_word' id='word_1_71' title='bbox 1075 2002 1083 2051; x_wconf 93' lang='lat'>:</span> <span class='ocrx_word' id='word_1_72' title='bbox 1131 1984 1174 2053; x_wconf 90' lang='lat' dir='ltr'>ut</span> 
     </span>
     <span class='ocr_line' id='line_1_13' title="bbox 333 2082 1172 2187; baseline -0.002 -26"><span class='ocrx_word' id='word_1_73' title='bbox 333 2083 690 2185; x_wconf 81' lang='lat' dir='ltr'>quemodmodum</span> <span class='ocrx_word' id='word_1_74' title='bbox 729 2084 920 2187; x_wconf 89' lang='lat' dir='ltr'>scriptum</span> <span class='ocrx_word' id='word_1_75' title='bbox 956 2092 1017 2163; x_wconf 89' lang='lat' dir='ltr'>est</span> <span class='ocrx_word' id='word_1_76' title='bbox 1049 2110 1058 2157; x_wconf 92' lang='lat'>:</span> <span class='ocrx_word' id='word_1_77' title='bbox 1094 2082 1172 2179; x_wconf 82' lang='lat' dir='ltr'>Qui</span> 
     </span>
     <span class='ocr_line' id='line_1_14' title="bbox 335 2190 1172 2292; baseline 0 -24"><span class='ocrx_word' id='word_1_78' title='bbox 335 2190 551 2292; x_wconf 78' lang='lat' dir='ltr'>gloriatur,</span> <span class='ocrx_word' id='word_1_79' title='bbox 570 2191 614 2269; x_wconf 94' lang='lat' dir='ltr'>in</span> <span class='ocrx_word' id='word_1_80' title='bbox 628 2192 803 2271; x_wconf 86' lang='lat' dir='ltr'>Domino</span> <span class='ocrx_word' id='word_1_81' title='bbox 816 2190 1019 2292; x_wconf 75' lang='lat' dir='ltr'>glorietur.</span> <span class='ocrx_word' id='word_1_82' title='bbox 1038 2190 1085 2268; x_wconf 83' lang='lat' dir='ltr'>iit</span> <span class='ocrx_word' id='word_1_83' title='bbox 1100 2212 1172 2291; x_wconf 83' lang='lat' dir='ltr'>ego</span> 
     </span>
     <span class='ocr_line' id='line_1_15' title="bbox 335 2296 1173 2394; baseline -0.004 -19"><span class='ocrx_word' id='word_1_84' title='bbox 335 2319 423 2375; x_wconf 88' lang='lat' dir='ltr'>cum</span> <span class='ocrx_word' id='word_1_85' title='bbox 455 2296 671 2377; x_wconf 80' lang='lat' dir='ltr'>venissem</span> <span class='ocrx_word' id='word_1_86' title='bbox 700 2298 752 2376; x_wconf 92' lang='lat' dir='ltr'>ad</span> <span class='ocrx_word' id='word_1_87' title='bbox 780 2322 864 2394; x_wconf 82' lang='lat' dir='ltr'>uos,</span> <span class='ocrx_word' id='word_1_88' title='bbox 895 2296 1051 2393; x_wconf 85' lang='lat' dir='ltr'>iratres,</span> <span class='ocrx_word' id='word_1_89' title='bbox 1083 2296 1173 2375; x_wconf 77' lang='lat' dir='ltr'>uerti</span> 
     </span>
     <span class='ocr_line' id='line_1_16' title="bbox 338 2404 1173 2499; baseline 0.004 -20"><span class='ocrx_word' id='word_1_90' title='bbox 338 2427 414 2483; x_wconf 91' lang='lat' dir='ltr'>non</span> <span class='ocrx_word' id='word_1_91' title='bbox 461 2405 507 2481; x_wconf 93' lang='lat' dir='ltr'>in</span> <span class='ocrx_word' id='word_1_92' title='bbox 559 2404 805 2484; x_wconf 82' lang='lat' dir='ltr'>sublimittte</span> <span class='ocrx_word' id='word_1_93' title='bbox 856 2404 1065 2499; x_wconf 90' lang='lat' dir='ltr'>sermonis,</span> <span class='ocrx_word' id='word_1_94' title='bbox 1104 2413 1173 2483; x_wconf 89' lang='lat' dir='ltr'>aut</span> 
     </span>
     <span class='ocr_line' id='line_1_17' title="bbox 337 2510 1172 2613; baseline 0 -24"><span class='ocrx_word' id='word_1_95' title='bbox 337 2510 565 2613; x_wconf 78' lang='lat' dir='ltr'>sapiontiae,</span> <span class='ocrx_word' id='word_1_96' title='bbox 587 2512 830 2590; x_wconf 81' lang='lat' dir='ltr'>annuntians</span> <span class='ocrx_word' id='word_1_97' title='bbox 855 2511 969 2590; x_wconf 85' lang='lat' dir='ltr'>vobis</span> <span class='ocrx_word' id='word_1_98' title='bbox 995 2511 1172 2589; x_wconf 90' lang='lat' dir='ltr'>testimo·</span> 
     </span>
     <span class='ocr_line' id='line_1_18' title="bbox 338 2617 1173 2719; baseline 0.005 -26"><span class='ocrx_word' id='word_1_99' title='bbox 338 2618 446 2695; x_wconf 89' lang='lat' dir='ltr'>nium</span> <span class='ocrx_word' id='word_1_100' title='bbox 468 2618 644 2698; x_wconf 82' lang='lat' dir='ltr'>Christi.</span> <span class='ocrx_word' id='word_1_101' title='bbox 665 2619 753 2697; x_wconf 88' lang='lat' dir='ltr'>Non</span> <span class='ocrx_word' id='word_1_102' title='bbox 780 2619 886 2697; x_wconf 90' lang='lat' dir='ltr'>enim</span> <span class='ocrx_word' id='word_1_103' title='bbox 909 2617 1081 2719; x_wconf 79' lang='lat' dir='ltr'>judiciari</span> <span class='ocrx_word' id='word_1_104' title='bbox 1108 2640 1173 2697; x_wconf 89' lang='lat' dir='ltr'>me</span> 
     </span>
     <span class='ocr_line' id='line_1_19' title="bbox 340 2724 1171 2829; baseline 0.001 -28"><span class='ocrx_word' id='word_1_105' title='bbox 340 2724 436 2803; x_wconf 89' lang='lat' dir='ltr'>scire</span> <span class='ocrx_word' id='word_1_106' title='bbox 467 2725 634 2829; x_wconf 80' lang='lat' dir='ltr'>aliquio</span> <span class='ocrx_word' id='word_1_107' title='bbox 666 2727 887 2823; x_wconf 85' lang='lat' dir='ltr'>intervos,</span> <span class='ocrx_word' id='word_1_108' title='bbox 924 2726 1001 2804; x_wconf 91' lang='lat' dir='ltr'>nisi</span> <span class='ocrx_word' id='word_1_109' title='bbox 1035 2726 1171 2805; x_wconf 87' lang='lat' dir='ltr'>Jesurn</span> 
     </span>
     <span class='ocr_line' id='line_1_20' title="bbox 340 2832 1173 2931; baseline 0.002 -22"><span class='ocrx_word' id='word_1_110' title='bbox 340 2832 585 2931; x_wconf 81' lang='lat' dir='ltr'>Christum,</span> <span class='ocrx_word' id='word_1_111' title='bbox 627 2844 668 2913; x_wconf 92' lang='lat' dir='ltr'>et</span> <span class='ocrx_word' id='word_1_112' title='bbox 701 2832 1086 2913; x_wconf 78' lang='lat' dir='ltr'>hunccrucifixum.</span> <span class='ocrx_word' id='word_1_113' title='bbox 1124 2834 1173 2911; x_wconf 86' lang='grc' dir='ltr'>Ει</span> 
     </span>
     <span class='ocr_line' id='line_1_21' title="bbox 343 2938 1172 3037; baseline 0.002 -22"><span class='ocrx_word' id='word_1_114' title='bbox 343 2961 410 3037; x_wconf 71' lang='lat' dir='ltr'>eqo</span> <span class='ocrx_word' id='word_1_115' title='bbox 423 2939 467 3017; x_wconf 91' lang='lat' dir='ltr'>in</span> <span class='ocrx_word' id='word_1_116' title='bbox 486 2940 726 3019; x_wconf 79' lang='lat' dir='ltr'>infirmitate</span> <span class='ocrx_word' id='word_1_117' title='bbox 740 2948 779 3019; x_wconf 91' lang='lat' dir='ltr'>et</span> <span class='ocrx_word' id='word_1_118' title='bbox 790 2938 934 3019; x_wconf 89' lang='lat' dir='ltr'>timore</span> <span class='ocrx_word' id='word_1_119' title='bbox 949 2949 990 3017; x_wconf 92' lang='lat' dir='ltr'>et</span> <span class='ocrx_word' id='word_1_120' title='bbox 1000 2940 1172 3019; x_wconf 90' lang='lat' dir='ltr'>tremore</span> 
     </span>
     <span class='ocr_line' id='line_1_22' title="bbox 342 3046 1173 3151; baseline 0.007 -30"><span class='ocrx_word' id='word_1_121' title='bbox 342 3046 464 3125; x_wconf 88' lang='lat' dir='ltr'>multo</span> <span class='ocrx_word' id='word_1_122' title='bbox 483 3048 544 3127; x_wconf 93' lang='lat' dir='ltr'>iui</span> <span class='ocrx_word' id='word_1_123' title='bbox 566 3048 676 3151; x_wconf 91' lang='lat' dir='ltr'>apud</span> <span class='ocrx_word' id='word_1_124' title='bbox 689 3072 758 3128; x_wconf 84' lang='lat' dir='ltr'>vos</span> <span class='ocrx_word' id='word_1_125' title='bbox 775 3076 783 3126; x_wconf 94' lang='lat'><strong>:</strong></span> <span class='ocrx_word' id='word_1_126' title='bbox 800 3058 839 3127; x_wconf 89' lang='lat' dir='ltr'>et</span> <span class='ocrx_word' id='word_1_127' title='bbox 857 3070 988 3127; x_wconf 89' lang='lat' dir='ltr'>sermo</span> <span class='ocrx_word' id='word_1_128' title='bbox 1007 3068 1119 3127; x_wconf 91' lang='lat' dir='ltr'>meus</span> <span class='ocrx_word' id='word_1_129' title='bbox 1133 3056 1173 3127; x_wconf 90' lang='lat' dir='ltr'>et</span> 
     </span>
     <span class='ocr_line' id='line_1_23' title="bbox 344 3153 1172 3257; baseline 0.001 -27"><span class='ocrx_word' id='word_1_130' title='bbox 344 3153 579 3251; x_wconf 79' lang='lat' dir='ltr'>pradicatio</span> <span class='ocrx_word' id='word_1_131' title='bbox 610 3176 713 3251; x_wconf 89' lang='lat' dir='ltr'>mea,</span> <span class='ocrx_word' id='word_1_132' title='bbox 734 3178 814 3234; x_wconf 92' lang='lat' dir='ltr'>non</span> <span class='ocrx_word' id='word_1_133' title='bbox 836 3155 877 3232; x_wconf 93' lang='lat' dir='ltr'>in</span> <span class='ocrx_word' id='word_1_134' title='bbox 896 3154 1172 3257; x_wconf 85' lang='lat' dir='ltr'>persuasibili-</span> 
     </span>
     <span class='ocr_line' id='line_1_24' title="bbox 345 3258 1169 3361; baseline 0.006 -29"><span class='ocrx_word' id='word_1_135' title='bbox 345 3262 414 3336; x_wconf 87' lang='lat' dir='ltr'>bus</span> <span class='ocrx_word' id='word_1_136' title='bbox 440 3260 637 3340; x_wconf 80' lang='lat' dir='ltr'>humanae</span> <span class='ocrx_word' id='word_1_137' title='bbox 654 3261 858 3361; x_wconf 71' lang='lat' dir='ltr'>sapientie</span> <span class='ocrx_word' id='word_1_138' title='bbox 875 3258 1018 3353; x_wconf 89' lang='lat' dir='ltr'>verbis,</span> <span class='ocrx_word' id='word_1_139' title='bbox 1041 3258 1110 3336; x_wconf 91' lang='lat' dir='ltr'>sed</span> <span class='ocrx_word' id='word_1_140' title='bbox 1129 3260 1169 3337; x_wconf 92' lang='lat' dir='ltr'>in</span> 
     </span>
     <span class='ocr_line' id='line_1_25' title="bbox 346 3365 1173 3469; baseline 0.006 -28"><span class='ocrx_word' id='word_1_141' title='bbox 346 3366 577 3447; x_wconf 87' lang='lat' dir='ltr'>ostensione</span> <span class='ocrx_word' id='word_1_142' title='bbox 622 3368 784 3469; x_wconf 90' lang='lat' dir='ltr'>spiritus</span> <span class='ocrx_word' id='word_1_143' title='bbox 820 3378 860 3447; x_wconf 88' lang='lat' dir='ltr'>et</span> <span class='ocrx_word' id='word_1_144' title='bbox 890 3365 1051 3446; x_wconf 82' lang='lat' dir='ltr'>virtdtis</span> <span class='ocrx_word' id='word_1_145' title='bbox 1085 3394 1094 3442; x_wconf 91' lang='lat'>:</span> <span class='ocrx_word' id='word_1_146' title='bbox 1129 3377 1173 3446; x_wconf 89' lang='grc' dir='ltr'>ιιι</span> 
     </span>
     <span class='ocr_line' id='line_1_26' title="bbox 348 3468 1172 3575; baseline 0.007 -32"><span class='ocrx_word' id='word_1_147' title='bbox 348 3468 440 3548; x_wconf 86' lang='lat' dir='ltr'>tides</span> <span class='ocrx_word' id='word_1_148' title='bbox 456 3482 597 3552; x_wconf 85' lang='lat' dir='ltr'>vestra</span> <span class='ocrx_word' id='word_1_149' title='bbox 617 3495 697 3551; x_wconf 92' lang='lat' dir='ltr'>uon</span> <span class='ocrx_word' id='word_1_150' title='bbox 716 3474 767 3552; x_wconf 90' lang='lat' dir='ltr'>sit</span> <span class='ocrx_word' id='word_1_151' title='bbox 779 3475 819 3551; x_wconf 92' lang='lat' dir='ltr'>in</span> <span class='ocrx_word' id='word_1_152' title='bbox 835 3474 1030 3575; x_wconf 75' lang='lat' dir='ltr'>sapientia</span> <span class='ocrx_word' id='word_1_153' title='bbox 1044 3472 1172 3551; x_wconf 90' lang='lat' dir='ltr'>homi·</span> 
     </span>
     <span class='ocr_line' id='line_1_27' title="bbox 348 3578 879 3672; baseline 0.015 -22"><span class='ocrx_word' id='word_1_154' title='bbox 348 3598 451 3672; x_wconf 85' lang='lat' dir='ltr'>itum,</span> <span class='ocrx_word' id='word_1_155' title='bbox 471 3578 549 3658; x_wconf 87' lang='lat' dir='ltr'>sed</span> <span class='ocrx_word' id='word_1_156' title='bbox 567 3580 611 3656; x_wconf 91' lang='lat' dir='ltr'>in</span> <span class='ocrx_word' id='word_1_157' title='bbox 627 3579 770 3659; x_wconf 85' lang='lat' dir='ltr'>virttite</span> <span class='ocrx_word' id='word_1_158' title='bbox 791 3579 879 3659; x_wconf 89' lang='lat' dir='ltr'>Dei.</span> 
     </span>
    </p>

    <p class='ocr_par' dir='ltr' id='par_1_3' title="bbox 348 3685 1172 4324">
     <span class='ocr_line' id='line_1_28' title="bbox 396 3685 1172 3786; baseline 0.003 -22"><span class='ocrx_word' id='word_1_159' title='bbox 396 3685 588 3784; x_wconf 79' lang='lat' dir='ltr'>dileliria,</span> <span class='ocrx_word' id='word_1_160' title='bbox 609 3686 784 3765; x_wconf 77' lang='lat' dir='ltr'>alleluia.</span> <span class='ocrx_word' id='word_1_161' title='bbox 802 3689 839 3786; x_wconf 66' lang='lat' dir='ltr'>l.</span> <span class='ocrx_word' id='word_1_162' title='bbox 863 3688 925 3766; x_wconf 89' lang='lat' dir='ltr'>Ps.</span> <span class='ocrx_word' id='word_1_163' title='bbox 946 3690 1008 3766; x_wconf 79' lang='lat' dir='ltr'>ol.</span> <span class='ocrx_word' id='word_1_164' title='bbox 1028 3687 1172 3766; x_wconf 77' lang='lat' dir='ltr'>Beatus</span> 
     </span>
     <span class='ocr_line' id='line_1_29' title="bbox 348 3794 1171 3896; baseline 0.006 -28"><span class='ocrx_word' id='word_1_165' title='bbox 348 3813 459 3890; x_wconf 88' lang='lat' dir='ltr'>quern</span> <span class='ocrx_word' id='word_1_166' title='bbox 482 3794 656 3894; x_wconf 74' lang='lat' dir='ltr'>elegisti,</span> <span class='ocrx_word' id='word_1_167' title='bbox 675 3794 860 3889; x_wconf 89' lang='lat' dir='ltr'>Domine,</span> <span class='ocrx_word' id='word_1_168' title='bbox 876 3802 916 3873; x_wconf 89' lang='lat' dir='ltr'>et</span> <span class='ocrx_word' id='word_1_169' title='bbox 933 3795 1171 3896; x_wconf 80' lang='lat' dir='ltr'>assumpsis-</span> 
     </span>
     <span class='ocr_line' id='line_1_30' title="bbox 349 3899 1171 3980; baseline 0.007 -8"><span class='ocrx_word' id='word_1_170' title='bbox 349 3901 375 3972; x_wconf 88' lang='lat' dir='ltr'>ti</span> <span class='ocrx_word' id='word_1_171' title='bbox 406 3899 688 3980; x_wconf 80' lang='lat' dir='ltr'>:inhabitabit</span> <span class='ocrx_word' id='word_1_172' title='bbox 720 3901 762 3976; x_wconf 93' lang='lat' dir='ltr'>in</span> <span class='ocrx_word' id='word_1_173' title='bbox 793 3900 905 3979; x_wconf 74' lang='lat' dir='ltr'>atriis</span> <span class='ocrx_word' id='word_1_174' title='bbox 945 3899 1038 3978; x_wconf 90' lang='lat' dir='ltr'>tuis.</span> <span class='ocrx_word' id='word_1_175' title='bbox 1067 3899 1171 3978; x_wconf 80' lang='lat' dir='ltr'>lille·</span> 
     </span>
     <span class='ocr_line' id='line_1_31' title="bbox 351 4003 1170 4104; baseline 0.009 -27"><span class='ocrx_word' id='word_1_176' title='bbox 351 4003 435 4082; x_wconf 85' lang='lat' dir='ltr'>loia.</span> <span class='ocrx_word' id='word_1_177' title='bbox 454 4009 493 4104; x_wconf 67' lang='lat' dir='ltr'>i.</span> <span class='ocrx_word' id='word_1_178' title='bbox 501 4008 651 4086; x_wconf 87' lang='lat' dir='ltr'>Petrus</span> <span class='ocrx_word' id='word_1_179' title='bbox 662 4006 915 4104; x_wconf 70' lang='lat' dir='ltr'>Caelestinus,</span> <span class='ocrx_word' id='word_1_180' title='bbox 929 4007 950 4086; x_wconf 83' lang='lat' dir='ltr'>i</span> <span class='ocrx_word' id='word_1_181' title='bbox 956 4030 1030 4086; x_wconf 89' lang='lat' dir='ltr'>esu</span> <span class='ocrx_word' id='word_1_182' title='bbox 1044 4008 1170 4086; x_wconf 91' lang='lat' dir='ltr'>cruci·</span> 
     </span>
     <span class='ocr_line' id='line_1_32' title="bbox 352 4109 1171 4210; baseline 0.012 -26"><span class='ocrx_word' id='word_1_183' title='bbox 352 4109 411 4188; x_wconf 85' lang='lat' dir='ltr'>luo</span> <span class='ocrx_word' id='word_1_184' title='bbox 432 4113 606 4210; x_wconf 82' lang='lat' dir='ltr'>amotor,</span> <span class='ocrx_word' id='word_1_185' title='bbox 625 4123 666 4194; x_wconf 92' lang='lat' dir='ltr'>et</span> <span class='ocrx_word' id='word_1_186' title='bbox 680 4113 859 4193; x_wconf 82' lang='lat' dir='ltr'>imitotor</span> <span class='ocrx_word' id='word_1_187' title='bbox 876 4137 1007 4207; x_wconf 84' lang='lat' dir='ltr'>verus,</span> <span class='ocrx_word' id='word_1_188' title='bbox 1028 4113 1171 4198; x_wconf 79' lang='lat' dir='ltr'>lucida</span> 
     </span>
     <span class='ocr_line' id='line_1_33' title="bbox 353 4217 1066 4324; baseline 0.014 -30"><span class='ocrx_word' id='word_1_189' title='bbox 353 4217 483 4300; x_wconf 80' lang='lat' dir='ltr'>Crucis</span> <span class='ocrx_word' id='word_1_190' title='bbox 499 4223 616 4324; x_wconf 84' lang='lat' dir='ltr'>signo</span> <span class='ocrx_word' id='word_1_191' title='bbox 633 4223 811 4302; x_wconf 87' lang='lat' dir='ltr'>moriens</span> <span class='ocrx_word' id='word_1_192' title='bbox 828 4223 1066 4306; x_wconf 82' lang='lat' dir='ltr'>bonorotur..</span> 
     </span>
    </p>

    <p class='ocr_par' dir='ltr' id='par_1_4' title="bbox 355 4330 1013 4640">
     <span class='ocr_line' id='line_1_34' title="bbox 641 4330 871 4434; baseline -0.009 -24"><span class='ocrx_word' id='word_1_193' title='bbox 641 4330 871 4434; x_wconf 85' lang='lat' dir='ltr'>Sequentia.</span> 
     </span>
     <span class='ocr_line' id='line_1_35' title="bbox 355 4429 908 4620; baseline 0.004 -114"><span class='ocrx_word' id='word_1_194' title='bbox 355 4447 507 4620; x_wconf 78' lang='lat' dir='ltr'>paruo</span> <span class='ocrx_word' id='word_1_195' title='bbox 526 4429 649 4531; x_wconf 80' lang='lat' dir='ltr'>digna</span> <span class='ocrx_word' id='word_1_196' title='bbox 667 4429 737 4508; x_wconf 86' lang='lat' dir='ltr'>lux</span> <span class='ocrx_word' id='word_1_197' title='bbox 754 4430 908 4510; x_wconf 91' lang='lat' dir='ltr'>honore</span> 
     </span>
     <span class='ocr_line' id='line_1_36' title="bbox 433 4537 1013 4640; baseline 0.007 -26"><span class='ocrx_word' id='word_1_198' title='bbox 433 4537 571 4640; x_wconf 76' lang='lat' dir='ltr'>Fulget</span> <span class='ocrx_word' id='word_1_199' title='bbox 590 4565 599 4614; x_wconf 93' lang='lat'>:</span> <span class='ocrx_word' id='word_1_200' title='bbox 620 4560 723 4639; x_wconf 91' lang='lat' dir='ltr'>puro</span> <span class='ocrx_word' id='word_1_201' title='bbox 739 4537 922 4639; x_wconf 91' lang='lat' dir='ltr'>quisquis</span> <span class='ocrx_word' id='word_1_202' title='bbox 940 4561 1013 4618; x_wconf 85' lang='lat' dir='ltr'>ore</span> 
     </span>
    </p>

    <p class='ocr_par' dir='ltr' id='par_1_5' title="bbox 356 4639 935 5923">
     <span class='ocr_line' id='line_1_37' title="bbox 356 4639 824 4730; baseline 0.009 -10"><span class='ocrx_word' id='word_1_203' title='bbox 356 4639 450 4726; x_wconf 88' lang='lat' dir='ltr'>Petri</span> <span class='ocrx_word' id='word_1_204' title='bbox 467 4648 608 4730; x_wconf 91' lang='lat' dir='ltr'>laudes</span> <span class='ocrx_word' id='word_1_205' title='bbox 626 4649 824 4728; x_wconf 86' lang='lat' dir='ltr'>concinat.</span> 
     </span>
     <span class='ocr_line' id='line_1_38' title="bbox 358 4755 886 4857; baseline 0.009 -27"><span class='ocrx_word' id='word_1_206' title='bbox 358 4755 482 4835; x_wconf 85' lang='lat' dir='ltr'>llatris</span> <span class='ocrx_word' id='word_1_207' title='bbox 498 4757 587 4835; x_wconf 82' lang='lat' dir='ltr'>alvo</span> <span class='ocrx_word' id='word_1_208' title='bbox 605 4777 707 4857; x_wconf 87' lang='lat' dir='ltr'>puer</span> <span class='ocrx_word' id='word_1_209' title='bbox 725 4755 886 4834; x_wconf 88' lang='lat' dir='ltr'>strictus</span> 
     </span>
     <span class='ocr_line' id='line_1_39' title="bbox 357 4852 903 4964; baseline 0.016 -30"><span class='ocrx_word' id='word_1_210' title='bbox 357 4852 472 4940; x_wconf 80' lang='lat' dir='ltr'>Gessit</span> <span class='ocrx_word' id='word_1_211' title='bbox 488 4861 703 4964; x_wconf 75' lang='lat' dir='ltr'>subnigros</span> <span class='ocrx_word' id='word_1_212' title='bbox 719 4862 903 4960; x_wconf 88' lang='lat' dir='ltr'>amiotus,</span> 
     </span>
     <span class='ocr_line' id='line_1_40' title="bbox 358 4957 810 5072; baseline 0.022 -34"><span class='ocrx_word' id='word_1_213' title='bbox 358 4957 575 5050; x_wconf 81' lang='lat' dir='ltr'>Monucotus</span> <span class='ocrx_word' id='word_1_214' title='bbox 593 4969 810 5072; x_wconf 80' lang='lat' dir='ltr'>specimen.</span> 
     </span>
     <span class='ocr_line' id='line_1_41' title="bbox 361 5069 899 5171; baseline 0.013 -24"><span class='ocrx_word' id='word_1_215' title='bbox 361 5069 452 5152; x_wconf 80' lang='lat' dir='ltr'>Ceio</span> <span class='ocrx_word' id='word_1_216' title='bbox 467 5087 596 5171; x_wconf 85' lang='lat' dir='ltr'>natus,</span> <span class='ocrx_word' id='word_1_217' title='bbox 612 5086 761 5156; x_wconf 87' lang='lat' dir='ltr'>terrum</span> <span class='ocrx_word' id='word_1_218' title='bbox 776 5077 899 5156; x_wconf 90' lang='lat' dir='ltr'>versis</span> 
     </span>
     <span class='ocr_line' id='line_1_42' title="bbox 357 5173 935 5285; baseline 0.012 -30"><span class='ocrx_word' id='word_1_219' title='bbox 357 5173 493 5272; x_wconf 80' lang='lat' dir='ltr'>sprevit</span> <span class='ocrx_word' id='word_1_220' title='bbox 509 5183 644 5284; x_wconf 82' lang='lat' dir='ltr'>tergis,</span> <span class='ocrx_word' id='word_1_221' title='bbox 666 5205 719 5261; x_wconf 89' lang='lat' dir='ltr'>ne</span> <span class='ocrx_word' id='word_1_222' title='bbox 737 5181 935 5285; x_wconf 84' lang='lat' dir='ltr'>pervorsis</span> 
     </span>
     <span class='ocr_line' id='line_1_43' title="bbox 361 5273 817 5368; baseline 0.026 -16"><span class='ocrx_word' id='word_1_223' title='bbox 361 5273 429 5358; x_wconf 85' lang='lat' dir='ltr'>Cor</span> <span class='ocrx_word' id='word_1_224' title='bbox 446 5283 607 5368; x_wconf 77' lang='lat' dir='ltr'>iteddret</span> <span class='ocrx_word' id='word_1_225' title='bbox 622 5287 817 5367; x_wconf 89' lang='lat' dir='ltr'>moribus.</span> 
     </span>
     <span class='ocr_line' id='line_1_44' title="bbox 363 5388 841 5488; baseline 0.017 -22"><span class='ocrx_word' id='word_1_226' title='bbox 363 5388 461 5488; x_wconf 79' lang='lat' dir='ltr'>lupis</span> <span class='ocrx_word' id='word_1_227' title='bbox 477 5395 634 5476; x_wconf 79' lang='lat' dir='ltr'>obditos</span> <span class='ocrx_word' id='word_1_228' title='bbox 651 5395 841 5476; x_wconf 78' lang='lat' dir='ltr'>recessus</span> 
     </span>
     <span class='ocr_line' id='line_1_45' title="bbox 361 5489 935 5606; baseline 0.017 -31"><span class='ocrx_word' id='word_1_229' title='bbox 361 5489 469 5578; x_wconf 78' lang='lat' dir='ltr'>lohet</span> <span class='ocrx_word' id='word_1_230' title='bbox 484 5501 605 5598; x_wconf 88' lang='lat' dir='ltr'>solus,</span> <span class='ocrx_word' id='word_1_231' title='bbox 626 5501 734 5580; x_wconf 85' lang='lat' dir='ltr'>unde</span> <span class='ocrx_word' id='word_1_232' title='bbox 751 5504 935 5606; x_wconf 77' lang='lat' dir='ltr'>egrossus</span> 
     </span>
     <span class='ocr_line' id='line_1_46' title="bbox 362 5595 800 5713; baseline 0.018 -33"><span class='ocrx_word' id='word_1_233' title='bbox 362 5595 474 5684; x_wconf 80' lang='lat' dir='ltr'>Draco</span> <span class='ocrx_word' id='word_1_234' title='bbox 490 5609 590 5711; x_wconf 79' lang='lat' dir='ltr'>iugit</span> <span class='ocrx_word' id='word_1_235' title='bbox 603 5611 800 5713; x_wconf 86' lang='lat' dir='ltr'>protinus.</span> 
     </span>
     <span class='ocr_line' id='line_1_47' title="bbox 364 5713 842 5817; baseline 0.021 -27"><span class='ocrx_word' id='word_1_236' title='bbox 364 5713 477 5794; x_wconf 82' lang='lat' dir='ltr'>Sentit</span> <span class='ocrx_word' id='word_1_237' title='bbox 491 5718 656 5814; x_wconf 86' lang='lat' dir='ltr'>coelites,</span> <span class='ocrx_word' id='word_1_238' title='bbox 675 5718 842 5817; x_wconf 80' lang='lat' dir='ltr'>orando,</span> 
     </span>
     <span class='ocr_line' id='line_1_48' title="bbox 364 5809 893 5923; baseline 0.032 -32"><span class='ocrx_word' id='word_1_239' title='bbox 364 5809 555 5904; x_wconf 81' lang='lat' dir='ltr'>vulturini</span> <span class='ocrx_word' id='word_1_240' title='bbox 573 5824 714 5904; x_wconf 77' lang='lat' dir='ltr'>adosse</span> <span class='ocrx_word' id='word_1_241' title='bbox 730 5825 893 5923; x_wconf 92' lang='lat' dir='ltr'>blando,</span> 
     </span>
    </p>
   </div>
   <div class='ocr_carea' id='block_1_3' title="bbox 1256 902 1922 3039">
    <p class='ocr_par' dir='ltr' id='par_1_6' title="bbox 1256 902 1891 2077">
     <span class='ocr_line' id='line_1_49' title="bbox 1265 902 1780 1000; baseline 0.008 -16"><span class='ocrx_word' id='word_1_242' title='bbox 1265 902 1388 984; x_wconf 80' lang='lat' dir='ltr'>Vexat</span> <span class='ocrx_word' id='word_1_243' title='bbox 1404 904 1548 1000; x_wconf 89' lang='lat' dir='ltr'>modis,</span> <span class='ocrx_word' id='word_1_244' title='bbox 1566 911 1610 985; x_wconf 89' lang='lat' dir='ltr'>ut</span> <span class='ocrx_word' id='word_1_245' title='bbox 1629 906 1780 988; x_wconf 78' lang='lat' dir='ltr'>securis</span> 
     </span>
     <span class='ocr_line' id='line_1_50' title="bbox 1261 1010 1818 1115; baseline 0.022 -29"><span class='ocrx_word' id='word_1_246' title='bbox 1261 1010 1375 1088; x_wconf 86' lang='lat' dir='ltr'>Mens</span> <span class='ocrx_word' id='word_1_247' title='bbox 1391 1010 1550 1091; x_wconf 86' lang='lat' dir='ltr'>incodai</span> <span class='ocrx_word' id='word_1_248' title='bbox 1566 1014 1782 1115; x_wconf 76' lang='lat' dir='ltr'>grossibus.</span> <span class='ocrx_word' id='word_1_249' title='bbox 1813 1077 1818 1083; x_wconf 83' lang='lat'>.</span> 
     </span>
     <span class='ocr_line' id='line_1_51' title="bbox 1272 1118 1834 1223; baseline 0.021 -30"><span class='ocrx_word' id='word_1_250' title='bbox 1272 1118 1415 1196; x_wconf 84' lang='lat' dir='ltr'>lhrcus</span> <span class='ocrx_word' id='word_1_251' title='bbox 1432 1118 1524 1215; x_wconf 91' lang='lat' dir='ltr'>cibi,</span> <span class='ocrx_word' id='word_1_252' title='bbox 1545 1118 1694 1201; x_wconf 90' lang='lat' dir='ltr'>amoris</span> <span class='ocrx_word' id='word_1_253' title='bbox 1713 1122 1834 1223; x_wconf 89' lang='lat' dir='ltr'>dives,</span> 
     </span>
     <span class='ocr_line' id='line_1_52' title="bbox 1262 1224 1856 1329; baseline 0.024 -28"><span class='ocrx_word' id='word_1_254' title='bbox 1262 1224 1415 1304; x_wconf 89' lang='lat' dir='ltr'>Densus</span> <span class='ocrx_word' id='word_1_255' title='bbox 1433 1226 1537 1305; x_wconf 93' lang='lat' dir='ltr'>inter</span> <span class='ocrx_word' id='word_1_256' title='bbox 1553 1236 1704 1329; x_wconf 88' lang='lat' dir='ltr'>perstat</span> <span class='ocrx_word' id='word_1_257' title='bbox 1726 1232 1835 1314; x_wconf 88' lang='lat' dir='ltr'>nives</span> <span class='ocrx_word' id='word_1_258' title='bbox 1845 1264 1856 1328; x_wconf 93' lang='lat'>;</span> 
     </span>
     <span class='ocr_line' id='line_1_53' title="bbox 1260 1330 1753 1417; baseline 0.014 -7"><span class='ocrx_word' id='word_1_259' title='bbox 1260 1330 1402 1410; x_wconf 86' lang='lat' dir='ltr'>Vivum</span> <span class='ocrx_word' id='word_1_260' title='bbox 1421 1341 1550 1413; x_wconf 87' lang='lat' dir='ltr'>servat</span> <span class='ocrx_word' id='word_1_261' title='bbox 1566 1334 1753 1417; x_wconf 79' lang='lat' dir='ltr'>charitas.</span> 
     </span>
     <span class='ocr_line' id='line_1_54' title="bbox 1272 1441 1891 1544; baseline 0.015 -27"><span class='ocrx_word' id='word_1_262' title='bbox 1272 1442 1442 1540; x_wconf 72' lang='lat' dir='ltr'>longum</span> <span class='ocrx_word' id='word_1_263' title='bbox 1461 1441 1574 1520; x_wconf 85' lang='lat' dir='ltr'>tersit</span> <span class='ocrx_word' id='word_1_264' title='bbox 1592 1441 1709 1523; x_wconf 90' lang='lat' dir='ltr'>Orbis</span> <span class='ocrx_word' id='word_1_265' title='bbox 1727 1446 1891 1544; x_wconf 89' lang='lat' dir='ltr'>luctum,</span> 
     </span>
     <span class='ocr_line' id='line_1_55' title="bbox 1260 1545 1877 1633; baseline 0.015 -9"><span class='ocrx_word' id='word_1_266' title='bbox 1260 1545 1422 1624; x_wconf 89' lang='lat' dir='ltr'>Petrum</span> <span class='ocrx_word' id='word_1_267' title='bbox 1440 1545 1537 1626; x_wconf 80' lang='lat' dir='ltr'>vidit.</span> <span class='ocrx_word' id='word_1_268' title='bbox 1553 1570 1643 1625; x_wconf 90' lang='lat' dir='ltr'>cum</span> <span class='ocrx_word' id='word_1_269' title='bbox 1662 1549 1877 1633; x_wconf 80' lang='lat' dir='ltr'>dedicioni</span> 
     </span>
     <span class='ocr_line' id='line_1_56' title="bbox 1260 1651 1727 1736; baseline 0.017 -8"><span class='ocrx_word' id='word_1_270' title='bbox 1260 1651 1317 1729; x_wconf 83' lang='lat' dir='ltr'>Ex</span> <span class='ocrx_word' id='word_1_271' title='bbox 1337 1651 1481 1731; x_wconf 84' lang='lat' dir='ltr'>Eromo</span> <span class='ocrx_word' id='word_1_272' title='bbox 1499 1651 1551 1729; x_wconf 93' lang='lat' dir='ltr'>ad</span> <span class='ocrx_word' id='word_1_273' title='bbox 1569 1653 1727 1736; x_wconf 89' lang='lat' dir='ltr'>solium.</span> 
     </span>
     <span class='ocr_line' id='line_1_57' title="bbox 1269 1758 1874 1865; baseline 0.015 -29"><span class='ocrx_word' id='word_1_274' title='bbox 1269 1758 1421 1840; x_wconf 82' lang='lat' dir='ltr'>tiaram</span> <span class='ocrx_word' id='word_1_275' title='bbox 1440 1758 1542 1837; x_wconf 86' lang='lat' dir='ltr'>tristi</span> <span class='ocrx_word' id='word_1_276' title='bbox 1558 1764 1729 1865; x_wconf 90' lang='lat' dir='ltr'>sumpsit</span> <span class='ocrx_word' id='word_1_277' title='bbox 1743 1764 1874 1845; x_wconf 87' lang='lat' dir='ltr'>ironto</span> 
     </span>
     <span class='ocr_line' id='line_1_58' title="bbox 1261 1863 1815 1970; baseline 0.018 -31"><span class='ocrx_word' id='word_1_278' title='bbox 1261 1863 1453 1941; x_wconf 82' lang='lat' dir='ltr'>iliadoma</span> <span class='ocrx_word' id='word_1_279' title='bbox 1474 1892 1483 1939; x_wconf 94' lang='lat'><strong>:</strong></span> <span class='ocrx_word' id='word_1_280' title='bbox 1504 1866 1638 1966; x_wconf 81' lang='lat' dir='ltr'>posuit</span> <span class='ocrx_word' id='word_1_281' title='bbox 1659 1880 1815 1970; x_wconf 89' lang='lat' dir='ltr'>sponte,</span> 
     </span>
     <span class='ocr_line' id='line_1_59' title="bbox 1256 1972 1722 2077; baseline 0.013 -30"><span class='ocrx_word' id='word_1_282' title='bbox 1256 1974 1357 2051; x_wconf 87' lang='lat' dir='ltr'>liliro</span> <span class='ocrx_word' id='word_1_283' title='bbox 1377 1972 1547 2073; x_wconf 84' lang='lat' dir='ltr'>exompli</span> <span class='ocrx_word' id='word_1_284' title='bbox 1565 1974 1722 2077; x_wconf 80' lang='lat' dir='ltr'>genere.</span> 
     </span>
    </p>

    <p class='ocr_par' dir='ltr' id='par_1_7' title="bbox 1268 2078 1753 2175">
     <span class='ocr_line' id='line_1_60' title="bbox 1268 2078 1753 2175; baseline 0.012 -20"><span class='ocrx_word' id='word_1_285' title='bbox 1268 2078 1369 2158; x_wconf 75' lang='lat' dir='ltr'>uuit</span> <span class='ocrx_word' id='word_1_286' title='bbox 1385 2102 1525 2175; x_wconf 79' lang='lat' dir='ltr'>cacus,</span> <span class='ocrx_word' id='word_1_287' title='bbox 1543 2091 1583 2159; x_wconf 89' lang='lat' dir='ltr'>ct</span> <span class='ocrx_word' id='word_1_288' title='bbox 1599 2088 1753 2163; x_wconf 80' lang='lat' dir='ltr'>erectus</span> 
     </span>
    </p>

    <p class='ocr_par' dir='ltr' id='par_1_8' title="bbox 1257 2186 1859 2375">
     <span class='ocr_line' id='line_1_61' title="bbox 1257 2186 1859 2272; baseline 0.003 -3"><span class='ocrx_word' id='word_1_289' title='bbox 1257 2188 1375 2269; x_wconf 85' lang='lat' dir='ltr'>Stetit</span> <span class='ocrx_word' id='word_1_290' title='bbox 1391 2186 1557 2267; x_wconf 87' lang='lat' dir='ltr'>claudus</span> <span class='ocrx_word' id='word_1_291' title='bbox 1576 2216 1584 2267; x_wconf 75' lang='grc' dir='ltr'><strong><em>ε</em></strong></span> <span class='ocrx_word' id='word_1_292' title='bbox 1606 2190 1680 2271; x_wconf 93' lang='lat' dir='ltr'>hos</span> <span class='ocrx_word' id='word_1_293' title='bbox 1696 2190 1859 2272; x_wconf 78' lang='lat' dir='ltr'>edoctus</span> 
     </span>
     <span class='ocr_line' id='line_1_62' title="bbox 1262 2295 1633 2375; baseline 0.005 -2"><span class='ocrx_word' id='word_1_294' title='bbox 1262 2295 1398 2375; x_wconf 82' lang='lat' dir='ltr'>Edidit</span> <span class='ocrx_word' id='word_1_295' title='bbox 1414 2295 1633 2375; x_wconf 89' lang='lat' dir='ltr'>humilitas.</span> 
     </span>
    </p>

    <p class='ocr_par' dir='ltr' id='par_1_9' title="bbox 1258 2400 1922 2719">
     <span class='ocr_line' id='line_1_63' title="bbox 1266 2400 1922 2502; baseline 0.017 -26"><span class='ocrx_word' id='word_1_296' title='bbox 1266 2408 1411 2481; x_wconf 80' lang='lat' dir='ltr'>Cuncta</span> <span class='ocrx_word' id='word_1_297' title='bbox 1429 2400 1611 2502; x_wconf 85' lang='lat' dir='ltr'>poreuut,</span> <span class='ocrx_word' id='word_1_298' title='bbox 1629 2426 1753 2483; x_wconf 90' lang='lat' dir='ltr'>unum</span> <span class='ocrx_word' id='word_1_299' title='bbox 1774 2406 1892 2489; x_wconf 77' lang='lat' dir='ltr'>durrat</span> <span class='ocrx_word' id='word_1_300' title='bbox 1913 2436 1922 2487; x_wconf 76' lang='grc' dir='ltr'>ι</span> 
     </span>
     <span class='ocr_line' id='line_1_64' title="bbox 1261 2506 1845 2613; baseline 0.019 -29"><span class='ocrx_word' id='word_1_301' title='bbox 1261 2506 1350 2587; x_wconf 83' lang='grc' dir='ltr'>Ηοο</span> <span class='ocrx_word' id='word_1_302' title='bbox 1368 2508 1409 2584; x_wconf 93' lang='lat' dir='ltr'>in</span> <span class='ocrx_word' id='word_1_303' title='bbox 1428 2509 1545 2587; x_wconf 87' lang='lat' dir='ltr'>terris</span> <span class='ocrx_word' id='word_1_304' title='bbox 1565 2513 1705 2591; x_wconf 87' lang='lat' dir='ltr'>Petrus·</span> <span class='ocrx_word' id='word_1_305' title='bbox 1718 2526 1845 2613; x_wconf 90' lang='lat' dir='ltr'>curat,</span> 
     </span>
     <span class='ocr_line' id='line_1_65' title="bbox 1258 2614 1729 2719; baseline 0.008 -26"><span class='ocrx_word' id='word_1_306' title='bbox 1258 2616 1348 2697; x_wconf 84' lang='lat' dir='ltr'>iioo</span> <span class='ocrx_word' id='word_1_307' title='bbox 1361 2614 1402 2692; x_wconf 94' lang='lat' dir='ltr'>in</span> <span class='ocrx_word' id='word_1_308' title='bbox 1422 2615 1522 2695; x_wconf 86' lang='lat' dir='ltr'>ooelo</span> <span class='ocrx_word' id='word_1_309' title='bbox 1539 2616 1729 2719; x_wconf 82' lang='lat' dir='ltr'>possidet.</span> 
     </span>
    </p>

    <p class='ocr_par' dir='ltr' id='par_1_10' title="bbox 1256 2720 1891 3039">
     <span class='ocr_line' id='line_1_66' title="bbox 1265 2720 1856 2825; baseline 0.012 -25"><span class='ocrx_word' id='word_1_310' title='bbox 1265 2721 1379 2819; x_wconf 59' lang='lat' dir='ltr'>ohad</span> <span class='ocrx_word' id='word_1_311' title='bbox 1396 2720 1558 2825; x_wconf 81' lang='lat' dir='ltr'>vestigia</span> <span class='ocrx_word' id='word_1_312' title='bbox 1572 2722 1721 2805; x_wconf 89' lang='lat' dir='ltr'>Christi</span> <span class='ocrx_word' id='word_1_313' title='bbox 1739 2725 1856 2807; x_wconf 91' lang='lat' dir='ltr'>ducis</span> 
     </span>
     <span class='ocr_line' id='line_1_67' title="bbox 1257 2829 1891 2927; baseline 0.011 -19"><span class='ocrx_word' id='word_1_314' title='bbox 1257 2829 1406 2908; x_wconf 88' lang='lat' dir='ltr'>Pressit</span> <span class='ocrx_word' id='word_1_315' title='bbox 1427 2830 1577 2927; x_wconf 77' lang='lat' dir='ltr'>nivens,</span> <span class='ocrx_word' id='word_1_316' title='bbox 1598 2831 1728 2911; x_wconf 84' lang='lat' dir='ltr'>oureoe</span> <span class='ocrx_word' id='word_1_317' title='bbox 1751 2832 1891 2915; x_wconf 87' lang='lat' dir='ltr'>Crucis</span> 
     </span>
     <span class='ocr_line' id='line_1_68' title="bbox 1256 2936 1726 3039; baseline -0.002 -21"><span class='ocrx_word' id='word_1_318' title='bbox 1256 2936 1379 3039; x_wconf 80' lang='lat' dir='ltr'>Signo</span> <span class='ocrx_word' id='word_1_319' title='bbox 1397 2937 1519 3017; x_wconf 88' lang='lat' dir='ltr'>claret</span> <span class='ocrx_word' id='word_1_320' title='bbox 1537 2939 1726 3019; x_wconf 89' lang='lat' dir='ltr'>moriens.</span> 
     </span>
    </p>
   </div>
   <div class='ocr_carea' id='block_1_4' title="bbox 1212 3045 1981 3256">
    <p class='ocr_par' dir='ltr' id='par_1_11' title="bbox 1212 3045 1981 3256">
     <span class='ocr_line' id='line_1_69' title="bbox 1212 3045 1981 3149; baseline 0.007 -25"><span class='ocrx_word' id='word_1_321' title='bbox 1212 3064 1216 3139; x_wconf 76' lang='grc' dir='ltr'>ι</span> <span class='ocrx_word' id='word_1_322' title='bbox 1264 3048 1385 3141; x_wconf 80' lang='lat' dir='ltr'>ietre,</span> <span class='ocrx_word' id='word_1_323' title='bbox 1406 3045 1617 3125; x_wconf 86' lang='lat' dir='ltr'>humilium</span> <span class='ocrx_word' id='word_1_324' title='bbox 1635 3046 1839 3149; x_wconf 91' lang='lat' dir='ltr'>splendor,</span> <span class='ocrx_word' id='word_1_325' title='bbox 1860 3051 1981 3145; x_wconf 88' lang='lat' dir='ltr'>ades;</span> 
     </span>
     <span class='ocr_line' id='line_1_70' title="bbox 1212 3144 1938 3256; baseline 0.012 -27"><span class='ocrx_word' id='word_1_326' title='bbox 1212 3144 1216 3178; x_wconf 82' lang='lat'>⁸</span> <span class='ocrx_word' id='word_1_327' title='bbox 1257 3152 1400 3247; x_wconf 90' lang='lat' dir='ltr'>liietus,</span> <span class='ocrx_word' id='word_1_328' title='bbox 1422 3152 1574 3249; x_wconf 89' lang='lat' dir='ltr'>sordes,</span> <span class='ocrx_word' id='word_1_329' title='bbox 1595 3154 1769 3253; x_wconf 91' lang='lat' dir='ltr'>morbos,</span> <span class='ocrx_word' id='word_1_330' title='bbox 1791 3156 1938 3256; x_wconf 89' lang='lat' dir='ltr'>clades,</span> 
     </span>
    </p>
   </div>
   <div class='ocr_carea' id='block_1_5' title="bbox 1257 3256 1910 3575">
    <p class='ocr_par' dir='ltr' id='par_1_12' title="bbox 1257 3256 1910 3575">
     <span class='ocr_line' id='line_1_71' title="bbox 1258 3256 1753 3355; baseline 0.004 -19"><span class='ocrx_word' id='word_1_331' title='bbox 1258 3258 1381 3337; x_wconf 88' lang='lat' dir='ltr'>Preoe</span> <span class='ocrx_word' id='word_1_332' title='bbox 1398 3256 1543 3355; x_wconf 82' lang='lat' dir='ltr'>aroris,</span> <span class='ocrx_word' id='word_1_333' title='bbox 1563 3281 1610 3337; x_wconf 92' lang='lat' dir='ltr'>ac</span> <span class='ocrx_word' id='word_1_334' title='bbox 1633 3258 1753 3339; x_wconf 92' lang='lat' dir='ltr'>dilue.</span> 
     </span>
     <span class='ocr_line' id='line_1_72' title="bbox 1266 3357 1910 3471; baseline 0.003 -28"><span class='ocrx_word' id='word_1_335' title='bbox 1266 3357 1404 3445; x_wconf 78' lang='lat' dir='ltr'>lacem</span> <span class='ocrx_word' id='word_1_336' title='bbox 1426 3364 1547 3445; x_wconf 86' lang='lat' dir='ltr'>donet</span> <span class='ocrx_word' id='word_1_337' title='bbox 1566 3366 1755 3471; x_wconf 89' lang='lat' dir='ltr'>Princeps</span> <span class='ocrx_word' id='word_1_338' title='bbox 1772 3369 1881 3470; x_wconf 90' lang='lat' dir='ltr'>pacis</span> <span class='ocrx_word' id='word_1_339' title='bbox 1902 3398 1910 3445; x_wconf 94' lang='lat'>:</span> 
     </span>
     <span class='ocr_line' id='line_1_73' title="bbox 1257 3473 1873 3575; baseline 0.003 -22"><span class='ocrx_word' id='word_1_340' title='bbox 1257 3473 1395 3575; x_wconf 81' lang='lat' dir='ltr'>Ignem</span> <span class='ocrx_word' id='word_1_341' title='bbox 1414 3473 1569 3553; x_wconf 78' lang='lat' dir='ltr'>Sancte</span> <span class='ocrx_word' id='word_1_342' title='bbox 1586 3475 1718 3555; x_wconf 90' lang='lat' dir='ltr'>mittat</span> <span class='ocrx_word' id='word_1_343' title='bbox 1736 3478 1848 3555; x_wconf 88' lang='lat' dir='ltr'>Facis</span> <span class='ocrx_word' id='word_1_344' title='bbox 1863 3505 1873 3569; x_wconf 91' lang='lat'>;</span> 
     </span>
    </p>
   </div>
   <div class='ocr_carea' id='block_1_6' title="bbox 1113 3580 1847 3684">
    <p class='ocr_par' dir='ltr' id='par_1_13' title="bbox 1113 3580 1847 3684">
     <span class='ocr_line' id='line_1_74' title="bbox 1113 3580 1847 3684; baseline 0.001 -21"><span class='ocrx_word' id='word_1_345' title='bbox 1113 3631 1120 3644; x_wconf 91' lang='lat'><strong>·</strong></span> <span class='ocrx_word' id='word_1_346' title='bbox 1256 3580 1417 3684; x_wconf 82' lang='lat' dir='ltr'>Nosque</span> <span class='ocrx_word' id='word_1_347' title='bbox 1435 3582 1475 3660; x_wconf 92' lang='lat' dir='ltr'>iu</span> <span class='ocrx_word' id='word_1_348' title='bbox 1494 3582 1637 3662; x_wconf 86' lang='lat' dir='ltr'>ooelnm</span> <span class='ocrx_word' id='word_1_349' title='bbox 1658 3584 1847 3666; x_wconf 82' lang='lat' dir='ltr'>shbleuet&#39;.</span> 
     </span>
    </p>
   </div>
   <div class='ocr_carea' id='block_1_7' title="bbox 1247 3689 2118 5404">
    <p class='ocr_par' dir='ltr' id='par_1_14' title="bbox 1247 3689 2118 5404">
     <span class='ocr_line' id='line_1_75' title="bbox 1303 3689 1653 3771; baseline 0.006 -3"><span class='ocrx_word' id='word_1_350' title='bbox 1303 3689 1444 3769; x_wconf 83' lang='lat' dir='ltr'>Amen.</span> <span class='ocrx_word' id='word_1_351' title='bbox 1464 3690 1653 3771; x_wconf 85' lang='lat' dir='ltr'>Alleldia.</span> 
     </span>
     <span class='ocr_line' id='line_1_76' title="bbox 1310 3802 2080 3906; baseline 0.019 -29"><span class='ocrx_word' id='word_1_352' title='bbox 1310 3802 1427 3881; x_wconf 84' lang='lat' dir='ltr'>Extra</span> <span class='ocrx_word' id='word_1_353' title='bbox 1456 3811 1613 3906; x_wconf 86' lang='lat' dir='ltr'>tempus</span> <span class='ocrx_word' id='word_1_354' title='bbox 1641 3805 1842 3905; x_wconf 86' lang='lat' dir='ltr'>Paschalc,</span> <span class='ocrx_word' id='word_1_355' title='bbox 1870 3811 2080 3892; x_wconf 87' lang='lat' dir='ltr'>Gradualc.</span> 
     </span>
     <span class='ocr_line' id='line_1_77' title="bbox 1260 3903 2082 4007; baseline 0.004 -20"><span class='ocrx_word' id='word_1_356' title='bbox 1260 3909 1325 3990; x_wconf 90' lang='lat' dir='ltr'>Ps.</span> <span class='ocrx_word' id='word_1_357' title='bbox 1350 3915 1409 3990; x_wconf 81' lang='lat' dir='ltr'>ll.</span> <span class='ocrx_word' id='word_1_358' title='bbox 1433 3911 1537 3990; x_wconf 84' lang='lat' dir='ltr'>Deus</span> <span class='ocrx_word' id='word_1_359' title='bbox 1552 3903 1758 4006; x_wconf 79' lang='lat' dir='ltr'>praecinxit</span> <span class='ocrx_word' id='word_1_360' title='bbox 1776 3927 1840 3984; x_wconf 91' lang='lat' dir='ltr'>me</span> <span class='ocrx_word' id='word_1_361' title='bbox 1861 3907 2020 4007; x_wconf 86' lang='lat' dir='ltr'>virtote,</span> <span class='ocrx_word' id='word_1_362' title='bbox 2041 3922 2082 3990; x_wconf 87' lang='lat' dir='ltr'>et</span> 
     </span>
     <span class='ocr_line' id='line_1_78' title="bbox 1281 4009 2078 4106; baseline 0.009 -18"><span class='ocrx_word' id='word_1_363' title='bbox 1281 4009 1388 4089; x_wconf 89' lang='lat' dir='ltr'>osuit</span> <span class='ocrx_word' id='word_1_364' title='bbox 1413 4010 1710 4091; x_wconf 83' lang='lat' dir='ltr'>immacnlotam</span> <span class='ocrx_word' id='word_1_365' title='bbox 1736 4013 1840 4092; x_wconf 84' lang='lat' dir='ltr'>uiam</span> <span class='ocrx_word' id='word_1_366' title='bbox 1868 4037 2013 4096; x_wconf 90' lang='lat' dir='ltr'>meam.</span> <span class='ocrx_word' id='word_1_367' title='bbox 2070 4087 2078 4106; x_wconf 84' lang='grc'>,</span> 
     </span>
     <span class='ocr_line' id='line_1_79' title="bbox 1253 4029 2079 4224; baseline 0.007 -28"><span class='ocrx_word' id='word_1_368' title='bbox 1253 4033 1421 4198; x_wconf 57' lang='lat' dir='ltr'>Beriocil</span> <span class='ocrx_word' id='word_1_369' title='bbox 1440 4119 1562 4220; x_wconf 90' lang='lat' dir='ltr'>pedes</span> <span class='ocrx_word' id='word_1_370' title='bbox 1590 4141 1700 4200; x_wconf 91' lang='lat' dir='ltr'>meos</span> <span class='ocrx_word' id='word_1_371' title='bbox 1727 4139 1916 4224; x_wconf 91' lang='lat' dir='ltr'>tanquam</span> <span class='ocrx_word' id='word_1_372' title='bbox 1943 4029 2079 4203; x_wconf 57' lang='grc' dir='ltr'>οθιιὲ·</span> 
     </span>
     <span class='ocr_line' id='line_1_80' title="bbox 1251 4227 2118 4327; baseline 0.008 -25"><span class='ocrx_word' id='word_1_373' title='bbox 1251 4247 1379 4318; x_wconf 74' lang='lat' dir='ltr'>rum,</span> <span class='ocrx_word' id='word_1_374' title='bbox 1421 4249 1544 4327; x_wconf 89' lang='lat' dir='ltr'>super</span> <span class='ocrx_word' id='word_1_375' title='bbox 1585 4227 1739 4306; x_wconf 79' lang='lat' dir='ltr'>excolsa</span> <span class='ocrx_word' id='word_1_376' title='bbox 1779 4231 1957 4308; x_wconf 79' lang='lat' dir='ltr'>sidtuens</span> <span class='ocrx_word' id='word_1_377' title='bbox 2000 4253 2078 4308; x_wconf 87' lang='lat' dir='ltr'>me.</span> <span class='ocrx_word' id='word_1_378' title='bbox 2114 4241 2118 4252; x_wconf 89' lang='lat'>&#39;</span> 
     </span>
     <span class='ocr_line' id='line_1_81' title="bbox 1305 4331 2085 4442; baseline 0.009 -35"><span class='ocrx_word' id='word_1_379' title='bbox 1305 4331 1669 4426; x_wconf 65' lang='lat' dir='ltr'>Alleloiaalleldia.</span> <span class='ocrx_word' id='word_1_380' title='bbox 1691 4345 1729 4442; x_wconf 66' lang='lat' dir='ltr'>p,</span> <span class='ocrx_word' id='word_1_381' title='bbox 1759 4333 2085 4416; x_wconf 84' lang='lat' dir='ltr'>PetrusCoelest&#39;i-</span> 
     </span>
     <span class='ocr_line' id='line_1_82' title="bbox 1255 4438 2079 4523; baseline 0.005 -7"><span class='ocrx_word' id='word_1_382' title='bbox 1255 4463 1331 4519; x_wconf 93' lang='lat' dir='ltr'>nus</span> <span class='ocrx_word' id='word_1_383' title='bbox 1356 4438 1450 4518; x_wconf 86' lang='lat' dir='ltr'>Jesu</span> <span class='ocrx_word' id='word_1_384' title='bbox 1467 4440 1655 4520; x_wconf 88' lang='lat' dir='ltr'>Cruciiixi</span> <span class='ocrx_word' id='word_1_385' title='bbox 1667 4440 1822 4520; x_wconf 85' lang='lat' dir='ltr'>amoter</span> <span class='ocrx_word' id='word_1_386' title='bbox 1839 4453 1879 4522; x_wconf 90' lang='lat' dir='ltr'>et</span> <span class='ocrx_word' id='word_1_387' title='bbox 1901 4443 2079 4523; x_wconf 82' lang='lat' dir='ltr'>imitotor</span> 
     </span>
     <span class='ocr_line' id='line_1_83' title="bbox 1250 4546 2077 4652; baseline 0.005 -26"><span class='ocrx_word' id='word_1_388' title='bbox 1250 4571 1380 4643; x_wconf 83' lang='lat' dir='ltr'>uerus,</span> <span class='ocrx_word' id='word_1_389' title='bbox 1404 4546 1546 4627; x_wconf 84' lang='lat' dir='ltr'>ldcidae</span> <span class='ocrx_word' id='word_1_390' title='bbox 1577 4548 1716 4629; x_wconf 92' lang='lat' dir='ltr'>Crucis</span> <span class='ocrx_word' id='word_1_391' title='bbox 1757 4549 1870 4652; x_wconf 72' lang='lat' dir='ltr'>signo</span> <span class='ocrx_word' id='word_1_392' title='bbox 1901 4551 2077 4630; x_wconf 86' lang='lat' dir='ltr'>moriens</span> 
     </span>
     <span class='ocr_line' id='line_1_84' title="bbox 1250 4655 1480 4736; baseline -0.009 0"><span class='ocrx_word' id='word_1_393' title='bbox 1250 4655 1480 4736; x_wconf 78' lang='lat' dir='ltr'>honoratur.</span> 
     </span>
     <span class='ocr_line' id='line_1_85' title="bbox 1301 4769 1749 4887; baseline 0.007 -38"><span class='ocrx_word' id='word_1_394' title='bbox 1301 4769 1530 4873; x_wconf 87' lang='lat' dir='ltr'>Sequentia,</span> <span class='ocrx_word' id='word_1_395' title='bbox 1553 4781 1749 4887; x_wconf 86' lang='lat' dir='ltr'>utsupra.</span> 
     </span>
     <span class='ocr_line' id='line_1_86' title="bbox 1247 4868 2079 4976; baseline 0.005 -29"><span class='ocrx_word' id='word_1_396' title='bbox 1247 4868 1299 4974; x_wconf 50' lang='grc' dir='ltr'>ᾖ</span> <span class='ocrx_word' id='word_1_397' title='bbox 1318 4869 1535 4973; x_wconf 85' lang='lat' dir='ltr'>Sequontia</span> <span class='ocrx_word' id='word_1_398' title='bbox 1554 4880 1682 4951; x_wconf 82' lang='lat' dir='ltr'>sanctu</span> <span class='ocrx_word' id='word_1_399' title='bbox 1710 4871 1911 4976; x_wconf 78' lang='lat' dir='ltr'>Evangelii</span> <span class='ocrx_word' id='word_1_400' title='bbox 1940 4871 2079 4951; x_wconf 83' lang='lat' dir='ltr'>secon-</span> 
     </span>
     <span class='ocr_line' id='line_1_87' title="bbox 1393 4975 1937 5069; baseline 0.002 -15"><span class='ocrx_word' id='word_1_401' title='bbox 1393 4975 1492 5054; x_wconf 91' lang='lat' dir='ltr'>dum</span> <span class='ocrx_word' id='word_1_402' title='bbox 1512 4976 1763 5056; x_wconf 83' lang='lat' dir='ltr'>Matthaeum.</span> <span class='ocrx_word' id='word_1_403' title='bbox 1785 4991 1839 5069; x_wconf 72' lang='lat' dir='ltr'>fla</span> <span class='ocrx_word' id='word_1_404' title='bbox 1874 5051 1880 5064; x_wconf 89' lang='grc'>,</span> <span class='ocrx_word' id='word_1_405' title='bbox 1903 4997 1937 5068; x_wconf 80' lang='grc'>9,</span> 
     </span>
     <span class='ocr_line' id='line_1_88' title="bbox 1343 5013 2076 5186; baseline 0.007 -24"><span class='ocrx_word' id='word_1_406' title='bbox 1343 5082 1414 5163; x_wconf 92' lang='lat' dir='ltr'>illo</span> <span class='ocrx_word' id='word_1_407' title='bbox 1451 5083 1635 5186; x_wconf 81' lang='lat' dir='ltr'>tompore</span> <span class='ocrx_word' id='word_1_408' title='bbox 1668 5111 1676 5162; x_wconf 93' lang='lat'><strong>:</strong></span> <span class='ocrx_word' id='word_1_409' title='bbox 1712 5083 1821 5166; x_wconf 82' lang='lat' dir='ltr'>Dixit</span> <span class='ocrx_word' id='word_1_410' title='bbox 1841 5013 1994 5165; x_wconf 77' lang='lat' dir='ltr'>pPetrus</span> <span class='ocrx_word' id='word_1_411' title='bbox 2025 5089 2076 5167; x_wconf 91' lang='lat' dir='ltr'>ad</span> 
     </span>
     <span class='ocr_line' id='line_1_89' title="bbox 1305 5191 2067 5295; baseline 0.007 -24"><span class='ocrx_word' id='word_1_412' title='bbox 1305 5191 1442 5271; x_wconf 81' lang='lat' dir='ltr'>iesum</span> <span class='ocrx_word' id='word_1_413' title='bbox 1487 5219 1496 5269; x_wconf 92' lang='lat'><strong>:</strong></span> <span class='ocrx_word' id='word_1_414' title='bbox 1546 5193 1646 5272; x_wconf 84' lang='lat' dir='ltr'>Ecce</span> <span class='ocrx_word' id='word_1_415' title='bbox 1697 5215 1771 5274; x_wconf 91' lang='lat' dir='ltr'>nos</span> <span class='ocrx_word' id='word_1_416' title='bbox 1827 5193 2067 5295; x_wconf 89' lang='lat' dir='ltr'>reliquimus</span> 
     </span>
     <span class='ocr_line' id='line_1_90' title="bbox 1247 5297 2075 5404; baseline 0.01 -29"><span class='ocrx_word' id='word_1_417' title='bbox 1247 5297 1400 5394; x_wconf 90' lang='lat' dir='ltr'>omnia,</span> <span class='ocrx_word' id='word_1_418' title='bbox 1418 5307 1458 5379; x_wconf 89' lang='lat' dir='ltr'>et</span> <span class='ocrx_word' id='word_1_419' title='bbox 1476 5301 1600 5380; x_wconf 86' lang='lat' dir='ltr'>secdti</span> <span class='ocrx_word' id='word_1_420' title='bbox 1620 5323 1757 5382; x_wconf 90' lang='lat' dir='ltr'>sumus</span> <span class='ocrx_word' id='word_1_421' title='bbox 1776 5309 1814 5382; x_wconf 91' lang='lat' dir='ltr'>te</span> <span class='ocrx_word' id='word_1_422' title='bbox 1833 5325 1842 5376; x_wconf 89' lang='lat'>:</span> <span class='ocrx_word' id='word_1_423' title='bbox 1866 5302 1965 5403; x_wconf 91' lang='lat' dir='ltr'>quid</span> <span class='ocrx_word' id='word_1_424' title='bbox 1980 5327 2075 5404; x_wconf 78' lang='lat' dir='ltr'>ergo</span> 
     </span>
    </p>
   </div>
   <div class='ocr_carea' id='block_1_8' title="bbox 1132 5403 2072 5488">
    <p class='ocr_par' dir='ltr' id='par_1_15' title="bbox 1132 5403 2072 5488">
     <span class='ocr_line' id='line_1_91' title="bbox 1132 5403 2072 5488; baseline 0.015 -16"><span class='ocrx_word' id='word_1_425' title='bbox 1132 5459 1140 5472; x_wconf 99' lang='lat'>.</span> <span class='ocrx_word' id='word_1_426' title='bbox 1247 5404 1323 5483; x_wconf 89' lang='lat' dir='ltr'>erit</span> <span class='ocrx_word' id='word_1_427' title='bbox 1355 5403 1502 5484; x_wconf 70' lang='lat' dir='ltr'>nohis?</span> <span class='ocrx_word' id='word_1_428' title='bbox 1521 5405 1638 5486; x_wconf 83' lang='lat' dir='ltr'>iesus</span> <span class='ocrx_word' id='word_1_429' title='bbox 1670 5416 1803 5488; x_wconf 87' lang='lat' dir='ltr'>autem</span> <span class='ocrx_word' id='word_1_430' title='bbox 1833 5405 1934 5488; x_wconf 88' lang='lat' dir='ltr'>dixit</span> <span class='ocrx_word' id='word_1_431' title='bbox 1962 5408 2072 5488; x_wconf 90' lang='lat' dir='ltr'>illis:</span> 
     </span>
    </p>
   </div>
   <div class='ocr_carea' id='block_1_9' title="bbox 1248 5509 2072 5935">
    <p class='ocr_par' dir='ltr' id='par_1_16' title="bbox 1248 5509 2072 5935">
     <span class='ocr_line' id='line_1_92' title="bbox 1249 5509 2072 5613; baseline 0.005 -25"><span class='ocrx_word' id='word_1_432' title='bbox 1249 5512 1375 5590; x_wconf 78' lang='lat' dir='ltr'>Amen</span> <span class='ocrx_word' id='word_1_433' title='bbox 1393 5509 1485 5590; x_wconf 87' lang='lat' dir='ltr'>dico</span> <span class='ocrx_word' id='word_1_434' title='bbox 1501 5511 1627 5611; x_wconf 84' lang='lat' dir='ltr'>vobis,</span> <span class='ocrx_word' id='word_1_435' title='bbox 1654 5512 1762 5613; x_wconf 90' lang='lat' dir='ltr'>quod</span> <span class='ocrx_word' id='word_1_436' title='bbox 1780 5535 1849 5593; x_wconf 86' lang='lat' dir='ltr'>vos</span> <span class='ocrx_word' id='word_1_437' title='bbox 1864 5513 1933 5612; x_wconf 93' lang='lat' dir='ltr'>qui</span> <span class='ocrx_word' id='word_1_438' title='bbox 1947 5511 2072 5594; x_wconf 84' lang='lat' dir='ltr'>sectili</span> 
     </span>
     <span class='ocr_line' id='line_1_93' title="bbox 1249 5618 2071 5722; baseline 0.009 -29"><span class='ocrx_word' id='word_1_439' title='bbox 1249 5618 1441 5714; x_wconf 82' lang='lat' dir='ltr'>estisne,</span> <span class='ocrx_word' id='word_1_440' title='bbox 1462 5619 1501 5696; x_wconf 88' lang='lat' dir='ltr'>in</span> <span class='ocrx_word' id='word_1_441' title='bbox 1522 5620 1821 5722; x_wconf 80' lang='lat' dir='ltr'>regeneratione</span> <span class='ocrx_word' id='word_1_442' title='bbox 1839 5641 1929 5698; x_wconf 91' lang='lat' dir='ltr'>cum</span> <span class='ocrx_word' id='word_1_443' title='bbox 1958 5620 2071 5700; x_wconf 81' lang='lat' dir='ltr'>sode-</span> 
     </span>
     <span class='ocr_line' id='line_1_94' title="bbox 1250 5725 2072 5828; baseline 0.005 -26"><span class='ocrx_word' id='word_1_444' title='bbox 1250 5725 1302 5803; x_wconf 91' lang='lat' dir='ltr'>rit</span> <span class='ocrx_word' id='word_1_445' title='bbox 1323 5725 1443 5804; x_wconf 81' lang='lat' dir='ltr'>lilius</span> <span class='ocrx_word' id='word_1_446' title='bbox 1462 5725 1635 5807; x_wconf 90' lang='lat' dir='ltr'>hominis</span> <span class='ocrx_word' id='word_1_447' title='bbox 1660 5729 1702 5806; x_wconf 94' lang='lat' dir='ltr'>in</span> <span class='ocrx_word' id='word_1_448' title='bbox 1732 5727 1824 5808; x_wconf 87' lang='lat' dir='ltr'>sede</span> <span class='ocrx_word' id='word_1_449' title='bbox 1853 5727 2072 5828; x_wconf 81' lang='lat' dir='ltr'>majestotis</span> 
     </span>
     <span class='ocr_line' id='line_1_95' title="bbox 1248 5833 2071 5935; baseline 0.004 -24"><span class='ocrx_word' id='word_1_450' title='bbox 1248 5857 1343 5929; x_wconf 70' lang='lat' dir='ltr'>suat,</span> <span class='ocrx_word' id='word_1_451' title='bbox 1362 5833 1549 5912; x_wconf 79' lang='lat' dir='ltr'>sedebitis</span> <span class='ocrx_word' id='word_1_452' title='bbox 1566 5843 1606 5914; x_wconf 92' lang='lat' dir='ltr'>et</span> <span class='ocrx_word' id='word_1_453' title='bbox 1622 5857 1692 5916; x_wconf 85' lang='lat' dir='ltr'>vos</span> <span class='ocrx_word' id='word_1_454' title='bbox 1706 5856 1824 5935; x_wconf 89' lang='lat' dir='ltr'>super</span> <span class='ocrx_word' id='word_1_455' title='bbox 1842 5835 1955 5914; x_wconf 90' lang='lat' dir='ltr'>sedes</span> <span class='ocrx_word' id='word_1_456' title='bbox 1973 5837 2071 5914; x_wconf 91' lang='lat' dir='ltr'>duo·</span> 
     </span>
    </p>
   </div>
   <div class='ocr_carea' id='block_1_10' title="bbox 367 5917 930 6143">
    <p class='ocr_par' dir='ltr' id='par_1_17' title="bbox 367 5917 930 6143">
     <span class='ocr_line' id='line_1_96' title="bbox 367 5917 784 6034; baseline 0.043 -38"><span class='ocrx_word' id='word_1_457' title='bbox 367 5917 405 6000; x_wconf 79' lang='lat' dir='ltr'>tt</span> <span class='ocrx_word' id='word_1_458' title='bbox 422 5928 583 6012; x_wconf 84' lang='lat' dir='ltr'>vicissim</span> <span class='ocrx_word' id='word_1_459' title='bbox 600 5933 784 6034; x_wconf 82' lang='lat' dir='ltr'>psollere.</span> 
     </span>
     <span class='ocr_line' id='line_1_97' title="bbox 367 6036 930 6143; baseline 0.028 -37"><span class='ocrx_word' id='word_1_460' title='bbox 367 6036 484 6136; x_wconf 79' lang='lat' dir='ltr'>taum,</span> <span class='ocrx_word' id='word_1_461' title='bbox 502 6063 619 6143; x_wconf 81' lang='lat' dir='ltr'>aeger,</span> <span class='ocrx_word' id='word_1_462' title='bbox 637 6065 797 6122; x_wconf 87' lang='lat' dir='ltr'>carnem</span> <span class='ocrx_word' id='word_1_463' title='bbox 817 6043 930 6122; x_wconf 91' lang='lat' dir='ltr'>duris</span> 
     </span>
    </p>
   </div>
   <div class='ocr_carea' id='block_1_11' title="bbox 1198 5939 2071 6153">
    <p class='ocr_par' dir='ltr' id='par_1_18' title="bbox 1198 5939 2071 6160">
     <span class='ocr_line' id='line_1_98' title="bbox 1200 5939 2068 6043; baseline 0.003 -25"><span class='ocrx_word' id='word_1_464' title='bbox 1200 5944 1204 6043; x_wconf 79' lang='lat' dir='ltr'>l</span> <span class='ocrx_word' id='word_1_465' title='bbox 1247 5939 1391 6034; x_wconf 91' lang='lat' dir='ltr'>decim,</span> <span class='ocrx_word' id='word_1_466' title='bbox 1421 5939 1645 6040; x_wconf 83' lang='lat' dir='ltr'>judicontes</span> <span class='ocrx_word' id='word_1_467' title='bbox 1684 5941 1896 6022; x_wconf 90' lang='lat' dir='ltr'>duodecim</span> <span class='ocrx_word' id='word_1_468' title='bbox 1940 5942 2068 6024; x_wconf 88' lang='lat' dir='ltr'>tribus</span> 
     </span>
     <span class='ocr_line' id='line_1_99' title="bbox 1198 6046 2071 6153; baseline 0.008 -28"><span class='ocrx_word' id='word_1_469' title='bbox 1198 6046 1205 6125; x_wconf 92' lang='lat' dir='ltr'>l</span> <span class='ocrx_word' id='word_1_470' title='bbox 1245 6047 1431 6128; x_wconf 84' lang='lat' dir='ltr'>lsrael.Et</span> <span class='ocrx_word' id='word_1_471' title='bbox 1444 6048 1575 6130; x_wconf 91' lang='lat' dir='ltr'>omnis</span> <span class='ocrx_word' id='word_1_472' title='bbox 1591 6049 1659 6152; x_wconf 91' lang='lat' dir='ltr'>qui</span> <span class='ocrx_word' id='word_1_473' title='bbox 1674 6049 1876 6153; x_wconf 87' lang='lat' dir='ltr'>reliquerit</span> <span class='ocrx_word' id='word_1_474' title='bbox 1892 6050 2071 6140; x_wconf 88' lang='lat' dir='ltr'>domum,</span> 
     </span>
    </p>
   </div>
   <div class='ocr_carea' id='block_1_12' title="bbox 0 0 2704 7200">
    <p class='ocr_par' dir='ltr' id='par_1_19' title="bbox 0 0 2704 7200">
     <span class='ocr_line' id='line_1_100' title="bbox 0 0 2704 7200; baseline 0 0"><span class='ocrx_word' id='word_1_475' title='bbox 0 0 2704 7200; x_wconf 95' lang='lat' dir='ltr'> </span> 
     </span>
    </p>
   </div>
  </div>
 </body>
</html>
