5325 7200
367 825 2005 854 xm

364 851 375 967 ι.
576 932 1958 946 m„.—„—*„,

366 1044 375 1173 ΙΙ
1015 1091 1134 1138 menan
1154 1089 1344 1136 cummunis.
1856 1073 1909 1132 37·

367 1212 370 1275 ἶ
456 1227 537 1278 rum
565 1206 707 1304 vestigia
729 1231 904 1304 premens,
932 1211 1133 1305 quisupre·
1235 1205 1393 1280 emnium
1412 1205 1573 1300 suscipiat
1594 1205 1818 1290 incrementa,
1835 1209 1911 1306 qui-

367 1292 377 1381 i
457 1334 533 1384 mos
561 1333 768 1409 magnarum
797 1315 978 1388 nationum
1004 1314 1134 1386 Princi·
1236 1311 1801 1387 busdecenterornatusvilierum
1816 1339 1911 1389 mon-

368 1416 377 1495 ΙΙ
458 1441 529 1514 per,
554 1417 722 1492 Romania
743 1419 810 1492 divi
832 1423 925 1494 Petri
951 1420 1134 1495 Catbedrae

458 1525 714 1597 communionis
741 1527 878 1600 vinculo
907 1528 1064 1610 sociatos,
1090 1526 1135 1597 si-

459 1629 600 1702 milibus
627 1630 815 1706 identidem
841 1656 909 1706 non
932 1633 1136 1706 dubitarunt

459 1737 685 1811 cohonestare
717 1739 911 1842 privilegiis,
943 1738 1137 1812 istiusmodi

461 1843 544 1916 votis
564 1842 713 1942 benigne
735 1847 869 1919 censuit
893 1846 1131 1937 annuendum,

460 1949 688 2046 praefatosque
725 1975 822 2036 usus,
858 1953 1135 2050 quibuscumque

461 2056 638 2129 contrariis
665 2057 809 2131 minime
829 2057 1057 2152 obstantibus,
1082 2081 1136 2131 ra-

462 2167 512 2235 tos
526 2162 660 2249 babuit,
678 2171 713 2237 et
726 2164 957 2252 confirmavit,
975 2173 1080 2261 atque
1099 2166 1135 2237 in

461 2269 622 2343 omuibus
640 2277 675 2344 et
694 2271 839 2370 singulis
857 2271 1060 2346 dioecesibus
1085 2272 1138 2344 in-

463 2383 514 2449 tra
536 2374 624 2450 lines
644 2375 765 2451 Gallici
788 2379 926 2476 imperii
947 2377 1141 2452 constitutis

463 2482 585 2556 servari
601 2485 778 2579 pracepit.

509 2589 641 2662 Memor
666 2598 800 2676 autem,
826 2591 963 2688 quaein
986 2589 1138 2664 Ecclesia

464 2696 563 2784 fiunt,
585 2699 704 2771 omnia
725 2722 767 2772 ex
790 2698 943 2794 Apostoli
968 2706 1138 2794 precepto

466 2807 509 2895 (1.
522 2803 673 2876 Corinth.
689 2829 766 2899 cap.
778 2829 864 2890 xvc,
877 2810 936 2896 dd)
946 2805 1091 2878 honeste
1104 2810 1139 2877 et

465 2909 653 2984 secundum
682 2911 839 2986 ordinem
863 2911 937 2985 tieri
963 2920 1135 3006 oportere,

465 3025 669 3113 praenotatas
696 3041 759 3114 pro
785 3018 957 3112 Supremo
979 3017 1139 3112 Principe

466 3145 581 3218 preces
614 3122 662 3196 ila
691 3123 727 3194 in
755 3121 919 3196 omnibus
947 3120 1139 3194 Galliarum

465 3229 621 3304 Ecclesiis
644 3231 779 3303 recitari
800 3229 920 3318 voluit,
942 3237 981 3301 ut
1000 3251 1069 3301 una
1083 3252 1140 3303 ea·

466 3333 611 3432 demque
638 3337 682 3408 sit
710 3335 820 3408 ubiris
844 3331 1045 3429 usurpanda
1070 3356 1141 3407 me·

467 3442 603 3528 thodus,
635 3443 775 3517 servatis
803 3441 847 3515 ad
875 3464 1030 3538 unguem
1051 3441 1140 3537 pire·

466 3551 705 3649 scriptionibus
720 3573 798 3648 quae
811 3559 1004 3648 sequuntur
1021 3581 1030 3622 ι

511 3660 537 3732 l.
567 3700 617 3713 —
644 3660 683 3731 ln
711 3660 819 3731 Missae
842 3658 983 3732 Canone
1012 3680 1139 3731 nomen

466 3766 682 3862 imperatoris
695 3766 890 3863 adjiciatur,
907 3765 974 3837 hac
986 3764 1141 3838 adbibita

467 3872 613 3946 formula
632 3901 640 3943 ε

513 3990 554 4061 Et
567 4011 632 4085 pro
644 3986 855 4085 Imperatore
870 3993 987 4059 nostro
1001 3990 1045 4059 N.

514 4096 600 4185 Quae
629 4093 775 4169 dicenda
803 4094 867 4167 erit
894 4100 970 4189 post
997 4094 1142 4168 mentio

476 4228 549 4276 nem
578 4203 705 4276 tactam
728 4202 875 4275 Romani
907 4202 1084 4275 Pontificis
1108 4210 1142 4276 et

468 4310 620 4407 Episcopi
636 4309 833 4383 dioecesani.

381 4483 389 4506 ¹.
513 4416 555 4489 ll.
580 4458 631 4471 --
650 4416 689 4488 ln
711 4415 819 4488 Missis
839 4413 1051 4488 solemnibus
1081 4439 1141 4511 per

470 4546 620 4603 annum,
660 4520 796 4617 expleta
830 4520 1031 4617 Antiphona
1062 4545 1141 4616 quoe

471 4626 1149 4711 diciturCommunio,semelcantabitur·

426 4749 429 4832 g
472 4735 679 4808 versiculus:

426 4879 429 4898 =
514 4842 673 4924 Domine,
710 4841 843 4911 salvum
871 4838 926 4910 lac
952 4838 1142 4935 imperate

473 4968 539 5017 rem
557 4954 730 5031 nostrum,
747 4952 780 5017 et
798 4944 922 5017 exeudi
946 4966 1008 5018 nos
1029 4946 1064 5015 in
1086 4944 1142 5018 die

471 5072 535 5147 qua
549 5053 820 5125 invocaverimus
835 5060 879 5124 le.

515 5157 806 5232 Recitatisdeinde
817 5157 1037 5231 Orationibus
1049 5158 1142 5231 Post-

470 5265 737 5349 communionis,
778 5264 919 5337 illarum
962 5278 1143 5358 postremae

471 5370 615 5445 addetur
641 5370 706 5443 sub
729 5371 832 5443 unica
853 5370 1075 5443 conclusione
1094 5392 1144 5443 se·

470 5498 577 5573 quens
592 5476 765 5551 Collecla:

539 5607 711 5669 ossuum,
734 5583 953 5677 omnipotens
975 5580 1080 5665 Deus,
1105 5585 1144 5650 ut

561 5690 717 5764 famulus
731 5697 811 5761 tuus
826 5687 1016 5783 Imperator
1030 5692 1145 5758 noster

471 5803 528 5886 N„
566 5798 628 5896 qui
658 5807 717 5869 tua
751 5794 969 5869 miseratidne
998 5790 1146 5887 suscepit

470 5906 578 6007 Regni
592 5900 840 6003 gubernecula,
856 5901 1023 5974 virlvilum
1039 5898 1145 5972 etiam

1236 1425 1307 1488 stra
1336 1416 1499 1498 devitdre,
1535 1417 1647 1489 hostes
1672 1421 1848 1514 superere,
1879 1429 1913 1494 et

1238 1523 1282 1595 ad
1311 1533 1343 1595 te
1367 1522 1428 1620 qui
1460 1521 1525 1604 via,
1553 1523 1686 1608 veritas,
1716 1532 1751 1598 et
1774 1527 1841 1600 vita
1860 1551 1910 1618 es,

1237 1629 1406 1726 gratidsus
1425 1627 1536 1701 valeat
1559 1631 1746 1724 pervenire.
1768 1632 1833 1706 Per
1846 1633 1913 1707 De·

1237 1737 1386 1808 minum.

1286 1843 1344 1914 lli.
1368 1883 1417 1898 —
1435 1843 1473 1914 ln
1492 1841 1595 1914 Missa
1617 1842 1916 1918 Praesanctilicato

1237 1972 1331 2030 rum,
1349 1947 1448 2020 Furia
1466 1947 1523 2020 Vl·
1545 1947 1580 2018 in
1601 1947 1798 2032 Parasceve,
1826 1950 1916 2024 iuter

1239 2055 1441 2129 Orationem
1456 2076 1518 2151 pro
1533 2053 1665 2126 cunctis
1680 2053 1845 2129 Ecclesiae
1865 2080 1917 2131 or·

1238 2162 1393 2245 dinibus,
1419 2168 1453 2235 et
1476 2160 1581 2234 aliam
1608 2181 1670 2258 pro
1693 2160 1917 2238 Catecbume·

1239 2269 1305 2362 nis,
1332 2269 1407 2340 baec
1430 2291 1490 2362 pro
1512 2267 1722 2362 Imperatore
1743 2267 1879 2342 dicatur
1905 2298 1913 2341 :

1241 2373 1919 2558 Onnuusetprogloriosissimolmpe·
2021 2412 2023 2425 ·

1333 2482 1446 2554 ratdre
1474 2489 1593 2552 nostro
1621 2483 1663 2552 Ν.
1692 2489 1731 2554 ut
1752 2483 1856 2568 Deus,
1884 2491 1918 2558 et

1239 2589 1409 2662 Deminus
1425 2595 1539 2660 noster
1557 2585 1615 2684 det
1628 2586 1677 2658 illi
1696 2587 1829 2662 sedium
1845 2591 1919 2664 sue·

1241 2721 1320 2772 rum
1350 2698 1555 2772 assistricem
1590 2694 1806 2789 sapientiam,
1848 2722 1918 2795 qua

1240 2804 1409 2902 pepulum
1433 2802 1496 2876 sibi
1515 2803 1735 2875 commissum
1750 2803 1918 2898 gubernet

1241 2910 1389 2986 inomni
1406 2908 1540 3006 justitia
1554 2915 1588 2981 et
1608 2909 1788 2982 sanctitete
1807 2909 1850 2984 ad
1870 2910 1918 2984 di-

1241 3021 1358 3092 vinam
1379 3017 1539 3115 gldriam,
1565 3019 1600 3088 et
1618 3023 1772 3088 nostram
1793 3021 1917 3113 perpe-

1242 3133 1340 3199 tuam
1355 3146 1490 3220 pacem.

1290 3232 1451 3306 Oremus.
1469 3225 1666 3302 Flecldmus
1679 3229 1805 3324 genua.

1292 3342 1326 3434 ii.
1340 3337 1476 3410 bevere.

1292 3443 1520 3536 Omnipotens
1564 3438 1771 3535 sempiterne
1811 3441 1916 3525 Deus,

1241 3550 1302 3649 qui
1317 3550 1431 3649 regnis
1444 3545 1605 3623 emnibus
1616 3549 1919 3643 mternapolesldte

1242 3658 1457 3745 domineris,¹
1475 3654 1605 3750 respice
1632 3652 1677 3727 ad
1702 3652 1918 3729 Francdrum

1241 3766 1412 3861 benignus
1427 3762 1628 3859 Imperium,
1652 3766 1692 3833 ut
1715 3768 1749 3833 et
1770 3762 1920 3857 lmpere·

1245 3878 1299 3945 tor
1330 3872 1420 3967 juste
1453 3866 1668 3965 imperendo,
1709 3874 1743 3940 et
1771 3868 1921 3963 pdpulus

1242 3977 1393 4051 fideliter
1416 3973 1609 4050 obediendo
1627 3972 1672 4048 ad
1694 3974 1841 4074 gldriam
1869 3976 1919 4048 lui

1243 4085 1411 4171 neminis,
1440 4090 1472 4156 et
1511 4082 1607 4179 regni
1636 4080 1919 4178 tranquillitelem

1243 4190 1401 4264 andnimi
1436 4188 1560 4285 pietete
1606 4190 1815 4285 conspirent.
1853 4187 1920 4261 Per

1242 4297 1444 4372 Deminum.

1291 4404 1349 4477 IV.
1391 4444 1440 4457 -
1478 4400 1696 4473 Praeconium
1736 4398 1916 4486 Paschale,
2033 4387 2037 4399 '

1243 4510 1395 4585 Sabbato
1418 4508 1563 4601 Sancto,
1588 4508 1655 4580 bac
1674 4506 1807 4581 ratione
1828 4529 1918 4580 con-

1243 4616 1426 4690 cludatur:

1253 4870 1271 5024 Ι
1333 4970 1505 5022 rvr-cr-uun
1529 4966 1620 5038 ergo
1659 4954 1705 5032 te,
1756 4942 1902 5016 [ld-mi·

1284 5289 1341 5349 ne,
1367 5274 1406 5335 ut
1431 5287 1494 5335 nos
1517 5260 1666 5332 ldmulos
1689 5272 1789 5348 tuos,
1824 5280 1898 5329 om-

1243 5380 1921 5559 Q

1264 5584 1414 5677 nemque
1437 5576 1591 5665 elerum,
1627 5584 1662 5645 et
1699 5570 1898 5643 devotissi-

1245 5694 1923 5898 {Q

1265 5920 1363 5969 mum
1398 5890 1596 5992 pd-pulum,
1639 5910 1718 5961 una
1744 5908 1826 5959 cum
1843 5882 1905 5957 be·

1588 6114 1968 6132 ,Μ
