5325 7200
593 756 617 827 2
1024 746 1237 827 Dominicu
1256 752 1347 846 post
1367 742 1555 823 Octavum
1571 736 1879 839 Assumptionis.

925 914 1094 993 Secreta.

655 1044 773 1101 nnsrt
787 1020 915 1115 nobis,
929 1038 1160 1122 quesumus
1174 1014 1429 1119 omnipotens

657 1122 1429 1216 Deus:utnostrmhumiiitotisoblotio,

598 1242 638 1315 et
662 1259 737 1340 pro
763 1234 926 1316 tuorum
952 1232 1028 1313 tibi
1055 1240 1166 1337 gratu
1192 1232 1246 1311 sit
1274 1232 1430 1313 honore

598 1343 859 1441 Sanctorum,
883 1348 923 1421 et
945 1364 1020 1421 nos
1039 1341 1210 1443 corpure
1227 1338 1377 1441 poriter
1392 1348 1433 1421 et

595 1460 726 1532 mente
742 1450 936 1554 purificet.
957 1449 1031 1529 Per
1048 1446 1284 1529 Dominum.

639 1562 894 1645 communio.
923 1556 1068 1638 linttlr.
1094 1557 1153 1635 tu.
1182 1554 1312 1635 nmen
1340 1554 1433 1635 dico

595 1666 723 1765 vobis,
741 1666 852 1769 quod
881 1687 964 1761 vos,
988 1664 1058 1766 qui
1094 1662 1315 1767 reliquistis
1342 1664 1432 1744 om-

598 1776 664 1854 nia
688 1784 728 1856 et
745 1774 872 1855 sectili
890 1774 985 1854 estis
1005 1797 1090 1871 me,
1108 1773 1342 1877 eontuplum
1362 1795 1431 1852 uc-

595 1884 939 1987 cipiotiselvitam
953 1882 1432 1987 aetornempossidobitis.

837 1992 1183 2075 postcommunio.

662 2122 839 2197 ussurus,
858 2098 1115 2201 omnipotens
1135 2097 1269 2192 Deus3
1297 2106 1340 2180 ut
1364 2092 1434 2201 qui

593 2125 654 2323 Q
702 2206 880 2287 coelostin
923 2205 1115 2283 alimonis
1187 2206 1435 2308 ercopimus,

600 2313 871 2395 intercedente
892 2313 1012 2393 heoto
1033 2312 1137 2391 Bene
1169 2312 1250 2393 icto
1275 2314 1438 2394 Confes-

599 2420 689 2501 sore
708 2430 801 2519 tuo,
818 2445 892 2526 per
918 2422 1004 2501 hoec
1030 2429 1171 2501 contro
1198 2420 1334 2500 omnin
1361 2421 1435 2501 eds

603 2530 717 2609 uorsa
744 2530 984 2609 muniomur.
1014 2529 1090 2609 Per
1114 2528 1345 2610 Dominum.

670 2792 757 2849 uon.
795 2790 879 2847 rosr
907 2788 1070 2849 ucruvtn
1098 2786 1365 2844 ussuurrrorus.

662 2893 1150 3059 PUR'SSIMInCBsffiS
1175 2976 1219 3055 B.
1244 2976 1295 3055 M.
1323 2976 1366 3057 V.

594 3090 650 3171 Eu
673 3090 842 3171 Decreto
859 3088 902 3166 S.
920 3088 967 3166 ll.
987 3086 1033 3167 C.
1049 3085 1115 3166 die
1131 3086 1177 3163 il
1198 3084 1295 3166 tulii
1319 3088 1428 3169 1855.

788 3196 996 3277 lutroitus.
1017 3192 1169 3273 Poulm.
1189 3196 1249 3271 oo.

602 3316 797 3608 Orous
829 3301 1072 3405 gloriosius
1104 3298 1200 3379 fllioe
1233 3300 1350 3404 Regis
1386 3300 1437 3382 ub

727 3409 855 3506 intus,
873 3409 915 3488 in
933 3408 1105 3488 fimbriis
1123 3408 1253 3487 oureis
1271 3411 1439 3489 circum-

728 3518 874 3600 amictu
897 3517 1155 3600 uarietotibus
1190 3546 1199 3597 ε
1234 3517 1438 3602 adductu-

604 3639 671 3708 tur
706 3626 804 3730 Regi
842 3627 1015 3730 uirgines
1043 3633 1137 3728 post
1162 3647 1279 3724 eum,
1307 3628 1440 3728 proxi·

601 3759 678 3814 mee
700 3737 786 3833 ejus
804 3733 1019 3814 efferentur
1037 3733 1124 3814 tibi.
1144 3736 1205 3815 i‘s.
1233 3735 1440 3818 Eruotouit

601 3864 673 3922 cor
699 3862 833 3920 meum
860 3841 1028 3922 uerbum
1052 3841 1209 3922 bonum
1226 3866 1236 3918 τ
1255 3839 1347 3922 dicu
1365 3865 1438 3948 ego

598 3952 722 4054 opere
738 3971 828 4030 mee
844 3949 952 4054 Regi.
965 3956 1002 4036 t.
1020 3949 1158 4032 Gloria
1175 3950 1295 4030 Patri.

934 4063 1087 4142 Oratio.

670 4191 869 4247 utmorem
905 4167 1148 4270 sempitorne
1184 4168 1327 4269 Deus,
1366 4168 1437 4272 qui

694 4276 736 4354 in
768 4275 900 4355 Corde
935 4273 1064 4356 beotae
1099 4277 1236 4357 llnrlae
1261 4277 1436 4380 Virginis

602 4381 772 4487 dignum
795 4381 969 4484 Spiritus
1000 4387 1127 4464 suncti
1161 4385 1434 4465 habitoculnm

603 4491 837 4594 praepnreisti
875 4519 884 4570 ε
923 4491 1098 4571 concode
1135 4493 1358 4596 propitius3
1393 4504 1437 4576 ut

603 4596 784 4699 ejdsdem
820 4597 1032 4678 Purissimi
1066 4599 1208 4682 Cordis
1242 4601 1435 4681 festivito·

604 4718 684 4784 tem
703 4705 847 4786 devote
870 4712 1003 4786 mente
1030 4707 1273 4804 recolontes,
1291 4707 1434 4786 semin-

604 4814 701 4894 dum
720 4814 799 4896 Cor
822 4823 935 4893 tuum
961 4813 1092 4894 viuere
1115 4815 1329 4895 uoleomus.
1360 4815 1435 4896 Per

604 4923 833 5002 Dominum.
855 4921 899 4999 ln
919 4920 1070 5002 unitote
1087 4921 1282 5022 ejosdem.

670 5035 696 5112 l.
709 5030 813 5110 ostio
830 5028 925 5108 libri
943 5029 1168 5132 Supiontiae.
1182 5033 1298 5114 Cunt.
1320 5038 1358 5112 8.

659 5161 728 5216 ons
761 5159 826 5218 me
858 5146 902 5217 ut
933 5137 1185 5240 signoculum
1216 5161 1340 5241 super
1363 5161 1434 5220 cor

603 5163 651 5328 P
675 5254 818 5342 tuum,
846 5254 891 5324 ut
917 5245 1166 5348 signoculum
1193 5269 1314 5347 super
1340 5245 1434 5326 hro-

605 5353 1433 5456 mmmmwmmwmmm

604 5461 797 5559 dilictio,
824 5461 926 5542 dure
958 5460 1063 5542 sicut
1097 5461 1276 5544 iniornus
1307 5487 1435 5546 eemu-

604 5572 700 5651 lotio
722 5601 731 5646 :
753 5569 959 5673 lompades
977 5573 1089 5672 ejus,
1107 5570 1313 5676 lompades
1331 5573 1435 5680 ignis

604 5688 724 5782 utque
752 5677 1015 5761 nummorum.
1047 5679 1171 5781 oquae
1188 5681 1325 5760 mrrltae
1354 5702 1433 5762 non

605 5787 820 5887 potuerunt
869 5785 1097 5889 extlnguere
1153 5787 1387 5867 charitotem
1424 5849 1435 5884 ,

606 5917 681 5972 nec
711 5892 879 5973 domina
908 5893 1218 5975 obruentillam
1252 5924 1261 5974 :
1298 5897 1331 5976 si
1367 5895 1435 5976 do-

605 6003 708 6082 ‹lerit
734 6003 857 6084 homo
884 6027 1044 6084 omnem
1071 6005 1333 6086 subslontiom
1360 6005 1435 6084 do-

1519 930 1607 989 mus
1631 932 1713 988 sum
1741 931 1813 1011 pro
1837 906 2070 1007 dilectione,
2101 906 2218 1009 quusi
2254 906 2337 989 nihil

1519 1016 1712 1118 despiciet
1735 1038 1837 1095 eum.

1563 1118 1769 1199 tirudrtule.
1791 1120 1885 1219 Sap.
1912 1124 1943 1193 7.
1968 1116 2079 1201 Nihil
2099 1120 2337 1223 inquinoium

1519 1230 1558 1308 in
1578 1252 1666 1311 eum
1685 1232 1870 1313 incorrit:
1887 1230 2041 1311 condor
2057 1238 2121 1311 est
2134 1228 2234 1308 lucis
2246 1228 2340 1307 aetor·

1519 1362 1594 1435 noe,
1610 1351 1649 1419 et
1667 1340 1875 1445 spoculum
1896 1339 1983 1419 sine
2001 1338 2161 1417 mocula
2183 1336 2253 1415 Dei
2270 1358 2340 1413 mu·

1517 1450 1697 1549 jnstotis,
1728 1456 1766 1529 et
1797 1449 1930 1553 imogo
1958 1446 2156 1527 bonitotis
2184 1443 2332 1523 illiusl.

1517 1558 1629 1635 Cant.
1650 1562 1687 1629 ii.
1718 1558 1798 1659 Ego
1817 1554 1966 1635 dittoto
1986 1576 2098 1649 meu,
2121 1562 2162 1631 et
2186 1550 2339 1631 diloctus

1523 1686 1634 1744 mens
1654 1664 1765 1761 milri,
1785 1665 1853 1768 qui
1875 1663 2056 1767 poscitur
2071 1663 2178 1741 inter
2195 1660 2283 1739 lilia.

1563 1772 1760 1871 Alleloiu,
1795 1772 1967 1852 alleluiu.
1993 1778 2027 1849 i.
2065 1770 2161 1849 linc.
2205 1774 2234 1847 i.
2262 1768 2339 1846 lie·

1520 1882 1681 1984 gnificat
1717 1882 1852 1960 onimu
1897 1904 1983 1959 men
2020 1879 2241 1959 Dominum
2273 1904 2281 1953 :
2308 1886 2340 1955 et

1520 1990 1709 2069 cxrrltovit
1733 1990 1900 2093 spiritus
1929 2010 2042 2068 meus
2067 1990 2107 2066 in
2138 1987 2223 2065 Deo
2250 1984 2341 2063 salu·

1520 2098 1596 2177 tori
1616 2121 1717 2179 meo.
1738 2098 1921 2178 Alleldiu.

1515 2208 1736 2311 Sequontin
1764 2208 1891 2287 suncti
1911 2204 2113 2309 Evangolii
2133 2200 2337 2284 secondum

1799 2316 2008 2395 Lucumo.
2030 2318 2067 2391 i.

1515 2440 1518 2447 ’
1559 2422 1682 2502 uillo
1716 2423 1924 2524 tompore;
1958 2420 2068 2500 Dixit
2101 2420 2227 2499 linter
2254 2416 2335 2495 ten

1577 2529 1629 2608 ad
1657 2530 1771 2609 illum
1798 2558 1806 2607 :
1837 2530 1938 2629 Fili,
1962 2530 2061 2633 quid
2088 2528 2213 2607 iecisti
2237 2522 2337 2602 nobis

1521 2638 1616 2717 sic?
1647 2640 1747 2719 Ecce
1768 2648 1894 2742 pater
1916 2648 2008 2719 tuus
2027 2646 2066 2717 et
2083 2659 2157 2739 epo
2175 2632 2336 2713 ‹lolontes

1521 2746 1802 2849 quaerebomus
1825 2758 1874 2828 te.
1896 2748 1945 2827 Et
1962 2749 2019 2827 ait
2035 2746 2088 2825 ud
2108 2744 2222 2823 illos:
2243 2738 2335 2839 Quid

1522 2864 1581 2935 est
1608 2855 1727 2959 quod·
1748 2878 1811 2934 me
1843 2852 2119 2957 quaerebotis?
2147 2848 2335 2931 Nesciebo·

1522 2966 1573 3043 tis
1591 2966 1685 3067 quin
1704 2966 1744 3042 in
1763 2966 1851 3063 his,
1870 2987 1961 3067 quae
1988 2962 2115 3042 Putris
2143 2961 2217 3039 mei
2235 2966 2335 3051 sunt,

1523 3074 1681 3177 oportet
1707 3096 1770 3153 me
1796 3074 1917 3153 esse?
1945 3072 1995 3151 Et
2017 3071 2096 3175 ipsi
2131 3092 2205 3149 non
2235 3066 2335 3145 intel·

1522 3182 1703 3260 lexorunt
1737 3182 1935 3275 verbum,
1964 3178 2076 3283 quod
2107 3176 2257 3257 locotus
2284 3182 2334 3255 est

1523 3290 1574 3387 nd
1593 3312 1673 3369 eos.
1693 3290 1742 3369 Et
1760 3289 1969 3369 descondit
1986 3310 2077 3367 cum
2098 3286 2172 3381 eis,
2189 3294 2226 3363 et
2242 3282 2334 3361 veuit

1525 3398 1745 3478 Notareth:
1773 3408 1813 3478 et
1841 3404 1927 3478 erat
1962 3394 2150 3475 sobditus
2179 3392 2262 3471 illis.
2292 3390 2333 3467 tu

1522 3508 1649 3587 linter
1665 3504 1751 3610 eju's
1775 3504 2036 3587 conservobat
2068 3502 2202 3583 omniu
2227 3496 2332 3579 teron

1523 3617 1609 3697 lraec
1634 3618 1674 3696 in
1692 3616 1814 3698 corde
1840 3637 1925 3696 suo.
1942 3613 2087 3700 Credo.

1552 3729 1841 3826 „ouertortum
1885 3729 2023 3810 lnditlr
2067 3735 2124 3808 lo.
2160 3718 2256 3826 Quin
2283 3715 2330 3792 ie·

1523 3835 1610 3915 cisti
1629 3834 1819 3932 uiriliter,
1838 3841 1878 3916 et
1903 3831 2168 3916 confortotum
2193 3837 2248 3906 est
2271 3845 2331 3903 cor

1521 3951 1633 4022 tuum
1656 3969 1666 4022 ε
1686 3941 1778 4022 ideo
1796 3951 1835 4022 et
1852 3964 1995 4024 manus
2013 3937 2177 4021 Domini
2190 3933 2332 4014 consor·

1522 4049 1619 4131 tovit
1636 4057 1686 4149 te,
1700 4057 1740 4132 et
1756 4049 1835 4131 eris
1852 4049 2064 4131 benedictn
2082 4049 2122 4128 in
2142 4043 2328 4128 aetornuur.

1846 4165 2021 4248 Socretn.

1517 4289 1759 4460 Musesrrrr
1779 4279 1869 4370 tuae,
1887 4267 2072 4365 Domine,
2091 4268 2235 4368 Agrum
2264 4259 2329 4338 im·

1612 4379 1853 4458 mesciolum
1870 4377 2093 4472 offerontes,
2109 4389 2329 4476 quesumus:

1522 4491 1564 4564 ut
1589 4485 1712 4566 corda
1738 4497 1876 4566 nostra
1901 4485 2004 4592 ignis
2022 4483 2091 4562 ille
2109 4481 2258 4560 divinus
2274 4497 2328 4596 oc·

1518 4591 1673 4692 condet,
1693 4595 1762 4697 qui
1782 4595 1862 4676 Cor
1879 4593 2007 4674 beotoe
2025 4591 2161 4670 llario)
2179 4585 2328 4688 Virginis

1519 4701 1774 4782 ineffabiliter
1792 4699 2063 4780 inflammovit.
2087 4697 2161 4776 l‘er
2178 4695 2307 4776 Dirum.

1565 4817 1679 4896 Praet.
1703 4817 1760 4896 nt
1777 4822 1815 4893 te
1834 4813 1875 4890 in
1896 4810 2122 4892 Festiuitote
2141 4807 2182 4886 B.
2196 4803 2244 4882 ll.
2263 4799 2300 4922 li3

1563 4925 1814 5006 Communio.
1835 4925 1949 5007 Cant.
1972 4927 2009 5006 2.
2031 4917 2115 5002 sub
2136 4913 2265 4993 umbre
2288 4905 2330 4985 ri·

1518 5025 1597 5106 llus
1616 5051 1733 5132 quem
1754 5027 2073 5108 desideroverum
2091 5024 2196 5121 sedi,
2211 5029 2247 5100 et
2262 5019 2328 5098 iru-

1519 5143 1606 5216 ctus
1624 5139 1709 5238 ejus
1726 5136 1856 5217 dulcis
1875 5135 2023 5240 gotturi
2043 5156 2150 5215 meo.

1765 5247 2105 5334 postcommunio.

1518 5373 1691 5540 Divinis
1721 5351 1857 5432 reiocti
1886 5351 2150 5446 munoribus,
2180 5339 2327 5442 te,1io·

1618 5461 1727 5542 mine
1740 5488 1751 5554 ;
1779 5461 2015 5563 suppliciter
2041 5459 2268 5544 exoromus;
2294 5457 2329 5528 ut

1519 5569 1645 5652 beotae
1681 5569 1817 5650 Murius
1850 5569 2023 5672 Virginis
2052 5558 2327 5680 intercessione.

1519 5681 1632 5781 cujus
1685 5677 1896 5759 Purlssimi
1948 5675 2091 5757 Cordis
2156 5669 2330 5752 solomon

1522 5787 1748 5868 venerondo
1794 5787 1976 5892 opimus,
2019 5809 2044 5864 u
2085 5777 2330 5887 praesoutibus

1520 5897 1708 5998 periculis
1725 5893 1914 5992 tinemut,
1945 5893 2103 5974 mlornae
2131 5891 2218 5970 vitm
2246 5883 2327 5990 gou-

1520 6003 1586 6082 din
1604 6001 1906 6104 consequimur.
1930 6002 2001 6080 l‘et·
2020 5999 2244 6080 Dominum.

1335 6133 1612 6145 -.ι-..-
