5325 7200
790 879 911 940 Funus
929 883 969 940 Vl
993 881 1093 940 POST
1110 881 1205 938 OCT.
1228 878 1430 934 couuouls
1444 876 1624 934 CHRISTI.

958 1142 1458 1264 rusouunurrnru

591 1433 727 1608 88.
785 1435 1205 1610 CORDIS
1259 1436 1362 1604 D.
1419 1434 1521 1606 N.
1562 1432 1649 1605 -J.
1708 1433 1807 1606 C.

927 1797 1453 1849 mazano——

532 2037 732 2112 Introitus.
755 2037 896 2112 unuh.
922 2055 967 2112 11.
1233 2032 1307 2134 ipsi
1326 2031 1449 2131 gldria
1482 2030 1523 2107 in
1545 2034 1746 2125 Ecclesia,
1774 2051 1810 2112 et
1839 2035 1879 2112 in
1903 2036 2058 2113 Christo

484 2169 659 2237 ΕΝΠΕ
676 2150 727 2227 ad
749 2175 837 2240 me,
858 2174 999 2225 omnes
1021 2145 1090 2249 qui
1111 2146 1166 2222 la·
1229 2144 1340 2230 Jesu‚
1377 2139 1417 2216 in
1453 2163 1592 2216 omnes
1623 2143 1896 2242 generatidnes
1927 2143 2058 2220 saeculi

389 2269 397 2298 ⁸
431 2243 519 2349 '‘5st
548 2257 697 2333 bordtis
721 2273 758 2334 et
786 2257 938 2333 onerdti
971 2255 1092 2344 estis,
1130 2269 1166 2329 et
1230 2249 1481 2325 saeculdrunr.
1506 2253 1648 2328 Amen.

368 2371 384 2459 ἲ
417 2434 422 2460 ‚
447 2364 614 2461 Ἅι,
638 2364 813 2440 reficiam
832 2389 917 2440 vos.
939 2363 1084 2440 lelite
1107 2364 1166 2463 ju·
1239 2440 1243 2448 ,
1283 2357 1494 2438 Grndunle.
1534 2360 1680 2438 Tlrren.
1726 2364 1759 2440 3.
1809 2357 2058 2438 Nliserebitur

367 2455 519 2525 -2132
540 2493 635 2567 gum
665 2495 801 2547 meum
838 2495 1093 2570 supervos,
1129 2485 1166 2544 et
1195 2532 1198 2559 ,
1229 2460 1451 2538 secundum
1496 2462 1789 2539 multitudinem
1836 2463 2057 2541 misericor·

359 2569 479 2647 discite
495 2598 517 2649 n
535 2599 600 2652 me
628 2577 725 2677 quia
744 2577 850 2654 mitis
868 2603 956 2654 sum
976 2591 1013 2653 et
1035 2575 1165 2652 humi·
1195 2562 1198 2581 '
1229 2570 1387 2656 didrum
1409 2573 1585 2647 sudrum.
1605 2573 1699 2647 Non
1712 2570 1818 2647 enim
1834 2571 2058 2648 humiliavit

359 2676 398 2751 lis
423 2679 546 2770 corde,
569 2683 740 2773 alleluia,
770 2684 940 2761 alleluia.
992 2680 1056 2754 Ps.
1093 2695 1163 2773 117.
1228 2703 1275 2754 ex
1293 2675 1423 2754 Corde
1443 2701 1529 2765 suo,
1562 2693 1599 2754 et
1630 2679 1770 2776 abjecit
1796 2677 1901 2755 illios
1929 2679 2058 2755 hdmi·

360 2783 593 2866 lnnfitemini
615 2791 998 2893 Duminoqudniam
1015 2791 1161 2866 bonus:
1228 2779 1347 2860 num.¹
1374 2781 1416 2870 ll.
1443 2785 1579 2858 Bonus
1598 2801 1654 2861 est
1684 2779 1881 2860 D'dminus
1899 2792 2058 2885 sperdn·
2109 2798 2116 2814 ·

358 2890 531 2988 qudniam
576 2896 616 2972 in
657 2901 846 2976 saeculum
893 2894 1163 2975 misericdrdia
1193 2850 1197 2953 i
1228 2890 1335 2967 tibus
1353 2887 1394 2964 in
1412 2911 1519 2975 eum,
1554 2889 2053 2991 dnimaequaerentiillum.

357 3001 441 3098 eius.
463 2997 500 3084 ll.
520 3005 655 3083 Gldria
677 3007 797 3085 Patri.
1279 2995 1455 3084 Alleluia,
1476 2995 1645 3073 alleluia.
1671 3001 2057 3084 n.Psa1m.12.Hau-

597 3154 600 3160 ,
678 3111 828 3188 Oratio,
1227 3102 1332 3179 riuis
1352 3127 1477 3203 aquas
1497 3100 1536 3176 in
1554 3104 1698 3200 gdudio
1715 3104 1764 3182 de
1779 3105 1954 3180 idntibus
1974 3107 2056 3182 Sal·

431 3235 561 3294 ouruss
577 3223 672 3297 Jesu
692 3219 872 3308 Christe,
898 3219 966 3319 qui
986 3217 1188 3304 ineffdbi·=
1226 3211 1388 3300 vareris,
1422 3226 1458 3287 et
1491 3209 1653 3290 diceris:
1687 3213 1939 3290 Confitemini
1974 3217 2055 3291 Βό-

446 3321 499 3394 les
533 3319 675 3394 Cordis
703 3318 762 3395 tui
792 3320 950 3395 divitias
982 3317 1165 3394 Ecclesiae
1193 3392 1196 3405 ,
1228 3318 1351 3394 mino.
1393 3324 1564 3418 Quando
1598 3349 1676 3400 nou
1701 3341 1765 3400 -est
1793 3325 1959 3403 dicenda
1989 3329 2056 3402 Se-

358 3441 423 3504 tuae
451 3449 551 3501 novo
582 3426 775 3503 beneflcio
806 3431 958 3526 aperire
982 3425 1165 3524 digndtus
1193 3414 1196 3465 ¹
1231 3429 1403 3530 quentia,
1425 3429 1582 3506 ndditur
1597 3435 1780 3514 Alleluia.

358 3557 417 3608 es:
447 3531 639 3623 concdde3
676 3551 720 3609 ut
757 3535 876 3634 hujus
910 3472 1196 3609 sacratissimii
1535 3541 1757 3641 Sequentia.
1857 3587 1860 3596 λ

360 3641 484 3717 Cordis
500 3640 624 3715 amdri
644 3642 906 3740 respondere,
939 3658 976 3716 et
1002 3638 1165 3738 injurias
1193 3609 1196 3766 i
1231 3669 1318 3839 O
1337 3669 1431 3745 con,
1454 3650 1602 3727 amuris
1620 3650 1794 3741 victima,

1194 3823 1197 3882 Ι

360 3747 472 3823 eidem
503 3748 554 3823 ab
588 3745 750 3846 ingrdtis
780 3747 1011 3824 hominibus
1039 3747 1165 3822 illdtas
1337 3758 1436 3835 Coeli
1454 3764 1623 3857 perenne
1641 3758 1845 3856 gaudium,

360 3853 471 3952 dignis
502 3853 705 3974 obsequiis
743 3861 1000 3955 compensdre
1033 3855 1164 3930 valed·
1194 3889 1196 3920 ι
1227 3864 1461 3942 Mondlium
1483 3864 1684 3955 soldtium,

360 3984 447 4037 mus.
467 3962 544 4058 Qui
562 3959 678 4038 vivis
836 4057 839 4070 Ι
1230 3971 1463 4047 Mortdlium
1483 3998 1571 4071 spes
1590 3970 1755 4051 ultima!

363 4067 478 4144 Lectio
498 4069 683 4166 Epistolae
711 4069 812 4145 beni
835 4068 955 4145 'Pauli
984 4066 1164 4169 Apdstoli
1231 4078 1287 4152 Tu
1310 4078 1518 4153 Trinitdtis
1537 4076 1672 4176 gldria,

497 4176 547 4252 ad
567 4175 774 4274 Ephesios.
798 4178 942 4279 Ephes.
962 4180 1000 4255 3.
1225 4184 1360 4281 iungit
1378 4184 1448 4260 tibi
1468 4210 1508 4260 se
1530 4184 1669 4275 Filius,

411 4301 557 4359 neruus
578 4310 587 4353 :
611 4284 744 4359 Fleuo
762 4288 888 4382 genua
907 4308 994 4359 mea
1017 4282 1068 4359 ad
1090 4286 1164 4359 Pa*
1230 4291 1276 4365 ln
1294 4292 1510 4392 requiescit
1528 4292 1714 4391 Spiritus,

425 4406 517 4467 trem
547 4390 707 4467 numini
733 4391 855 4467 nostri
873 4395 968 4469 Jesu
988 4388 1133 4467 Christi
1151 4446 1161 4476 ,
1227 4398 1329 4473 Sunt
1352 4396 1480 4474 Patris
1500 4397 1541 4473 in
1559 4415 1595 4473 te
1614 4398 1772 4497 gaudia.

360 4516 396 4569 ex
408 4520 481 4596 quo
498 4496 628 4574 omnis
645 4497 860 4598 paternitas
886 4498 926 4573 in
957 4497 1093 4588 coelis,
1126 4514 1164 4573 et
1231 4497 1294 4571 Tu
1313 4498 1393 4573 sole
1412 4520 1512 4596 puro
1531 4498 1684 4597 purius,

361 4595 498 4681 interra
516 4604 769 4693 nominetur,
800 4621 843 4681 ut
872 4603 938 4681 det
965 4602 1080 4679 vobis
1104 4630 1164 4680 se·
1225 4602 1344 4679 Verbi
1367 4604 1438 4680 Dei
1459 4604 1690 4694 sacrdrium,

360 4709 515 4787 cundum
548 4710 707 4787 divitias
736 4711 868 4809 gldriae
905 4735 986 4787 suae
1019 4709 1162 4787 virture
1224 4710 1668 4811 VerbiDeipnldtiurn,

359 4818 584 4894 corroborari
599 4842 669 4917 per
687 4818 880 4917 Spiritum
901 4822 986 4920 ejus
1006 4817 1045 4892 in
1064 4816 1161 4893 inte·
1225 4818 1523 4918 Templquue
1539 4820 1639 4894 coelo
1658 4816 1827 4915 dignius.
1852 4842 1855 4848 ’

361 4915 484 4999 ridrern
501 4923 704 4999 hdminem
725 4984 735 5010 .
764 4924 965 5001 Christum
984 4923 1160 5000 habitare
1227 4926 1298 5013 Te,
1319 4923 1437 5021 digna
1456 4923 1567 5000 sedes
1582 4923 1772 5013 Numine,

359 5046 415 5143 per
428 5028 542 5107 fidem
561 5030 602 5107 in
616 5032 804 5108 cdrdibus
819 5030 984 5108 vestris:
1005 5031 1046 5107 in
1067 5032 1161 5107 cha·
1225 5030 1429 5107 Foecdnda
1445 5031 1571 5107 virtus
1592 5030 1784 5108 Fldminis

360 5139 452 5211 nldte
477 5137 659 5226 radicdti,
688 5154 725 5215 et
742 5139 915 5228 lunden,
942 5155 984 5215 ut
1002 5137 1158 5239 possitis
1225 5140 1368 5237 llldpsa
1388 5139 1428 5214 in
1447 5140 1581 5215 alvum
1598 5137 1771 5237 Vlrginis

359 5246 667 5343 comprehendere
684 5270 777 5322 curn
796 5247 983 5323 dmnibus
998 5246 1154 5341 sanctis,
1225 5248 1332 5322 Puro
1349 5246 1495 5322 credvit
1513 5244 1716 5344 sdnguine.

359 5366 430 5440 quae
442 5350 487 5427 sir
502 5352 684 5440 latitudo,
705 5370 743 5429 et
756 5354 973 5453 longitudo,
989 5370 1026 5430 et
1039 5356 1159 5430 subll·
1225 5356 1301 5428 (br
1317 5349 1447 5437 dulce,
1470 5354 1549 5430 Cor
1566 5352 1749 5442 amabile,

359 5450 465 5544 milas,
484 5474 520 5534 et
535 5459 779 5559 proldndum
802 5488 811 5536 ε
833 5461 931 5538 scire
949 5462 1067 5537 eriam
1087 5487 1156 5537 su·
1221 5470 1365 5541 Amdre
1384 5466 1506 5542 nostri
1525 5466 1719 5555 sducium,

358 5563 644 5651 pereminemem
703 5567 873 5645 scientiae
906 5567 1155 5645 ·charitdtem
1218 5577 1364 5650 Amdre
1384 5574 1506 5651 nostri
1523 5574 1769 5673 ldnguidum‚

359 5660 493 5782 Cluui,
514 5689 556 5749 ut
574 5672 819 5772 impleamini
838 5675 880 5752 in
896 5698 1057 5752 omnem
1076 5677 1155 5776 ple·
1222 5683 1314 5769 Fac,
1337 5681 1389 5756 sis
1408 5681 1504 5757 mihi
1524 5681 1728 5781 placdbile.

358 5776 554 5856 nrtudinem
577 5781 663 5858 Dei.
696 5782 744 5859 Ei
762 5798 915 5873 autem,
934 5782 1004 5885 qui
1019 5798 1156 5884 potens
1222 5786 1374 5866 Vindex
1392 5788 1467 5864 reis
1487 5788 1666 5865 irascitur

357 5893 402 5953 est
437 5886 569 5965 emnia
612 5889 739 5966 idcere
788 5891 1157 5990 superabundanter
1221 5897 1343 5984 Deus,
1364 5894 1432 5971 sed
1451 5912 1493 5971 ut
1506 5912 1542 5971 te
1561 5892 1730 5993 respicit,

356 6002 455 6079 quarn
470 5993 641 6093 petimus
654 6013 723 6072 aut
736 5996 1002 6098 intelligimus,
1018 6005 1156 6076 secuu-
1222 6002 1404 6081 Placdtus
1420 6001 1498 6079 iras
1516 6001 1662 6104 disjicit,

356 6086 434 6173 dum
448 6101 644 6194 virtutem,
659 6128 749 6203 quae
762 6113 948 6207 operetur
964 6104 1004 6182 in
1019 6105 1152 6183 nobis:
1222 6107 1271 6185 Et
1285 6108 1434 6187 fulmen
1452 6108 1709 6189 oblivlscitur.
