<?xml version="1.0" encoding="UTF-8"?>
<!DOCTYPE html PUBLIC "-//W3C//DTD XHTML 1.0 Transitional//EN"
    "http://www.w3.org/TR/xhtml1/DTD/xhtml1-transitional.dtd">
<html xmlns="http://www.w3.org/1999/xhtml" xml:lang="en" lang="en">
 <head>
  <title>
</title>
<meta http-equiv="Content-Type" content="text/html;charset=utf-8" />
  <meta name='ocr-system' content='tesseract 3.04.00' />
  <meta name='ocr-capabilities' content='ocr_page ocr_carea ocr_par ocr_line ocrx_word'/>
</head>
<body>
  <div class='ocr_page' id='page_1' title='image "./officiapropriad00churgoog_0262.png"; bbox 0 0 5325 7200; ppageno 0'>
   <div class='ocr_carea' id='block_1_1' title="bbox 987 1835 1163 1887">
    <p class='ocr_par' dir='ltr' id='par_1_1' title="bbox 987 1835 1163 1887">
     <span class='ocr_line' id='line_1_1' title="bbox 987 1835 1163 1887; baseline -0.023 0"><span class='ocrx_word' id='word_1_1' title='bbox 987 1835 1163 1887; x_wconf 75' lang='grc'><strong>(1111111111.</strong></span> 
     </span>
    </p>
   </div>
   <div class='ocr_carea' id='block_1_2' title="bbox 756 2143 2293 2313">
    <p class='ocr_par' dir='ltr' id='par_1_2' title="bbox 756 2143 2293 2313">
     <span class='ocr_line' id='line_1_2' title="bbox 787 2143 2205 2241; baseline -0.002 -17"><span class='ocrx_word' id='word_1_2' title='bbox 787 2176 873 2235; x_wconf 86' lang='lat' dir='ltr'><strong>Quum</strong></span> <span class='ocrx_word' id='word_1_3' title='bbox 883 2179 975 2237; x_wconf 73' lang='lat' dir='ltr'><strong>prester</strong></span> <span class='ocrx_word' id='word_1_4' title='bbox 985 2172 1167 2223; x_wconf 82' lang='lat' dir='ltr'><strong>Kalendarium</strong></span> <span class='ocrx_word' id='word_1_5' title='bbox 1176 2143 1330 2237; x_wconf 81' lang='lat' dir='ltr'><strong>Perpetunm</strong></span> <span class='ocrx_word' id='word_1_6' title='bbox 1347 2186 1392 2237; x_wconf 89' lang='lat' dir='ltr'><strong>pro</strong></span> <span class='ocrx_word' id='word_1_7' title='bbox 1403 2172 1475 2225; x_wconf 86' lang='lat' dir='ltr'><strong>Clero</strong></span> <span class='ocrx_word' id='word_1_8' title='bbox 1486 2176 1664 2228; x_wconf 82' lang='lat' dir='ltr'><strong>Catalaunensi</strong></span> <span class='ocrx_word' id='word_1_9' title='bbox 1681 2174 1821 2227; x_wconf 70' lang='lat' dir='ltr'><strong>formaliter</strong></span> <span class='ocrx_word' id='word_1_10' title='bbox 1834 2174 1882 2227; x_wconf 85' lang='lat' dir='ltr'><strong>ltac</strong></span> <span class='ocrx_word' id='word_1_11' title='bbox 1900 2174 1954 2241; x_wconf 81' lang='lat' dir='ltr'><strong>ipsa</strong></span> <span class='ocrx_word' id='word_1_12' title='bbox 1970 2174 2011 2225; x_wconf 91' lang='lat' dir='ltr'><strong>die</strong></span> <span class='ocrx_word' id='word_1_13' title='bbox 2027 2156 2205 2237; x_wconf 78' lang='lat' dir='ltr'><strong>adprobatum,</strong></span> 
     </span>
     <span class='ocr_line' id='line_1_3' title="bbox 756 2246 2293 2313; baseline -0.001 -14"><span class='ocrx_word' id='word_1_14' title='bbox 756 2248 989 2299; x_wconf 79' lang='lat' dir='ltr'><strong>Reverendissimus</strong></span> <span class='ocrx_word' id='word_1_15' title='bbox 1006 2248 1072 2297; x_wconf 89' lang='lat' dir='ltr'><strong>illius</strong></span> <span class='ocrx_word' id='word_1_16' title='bbox 1092 2247 1210 2297; x_wconf 74' lang='lat' dir='ltr'><strong>Ecclesia</strong></span> <span class='ocrx_word' id='word_1_17' title='bbox 1232 2248 1369 2313; x_wconf 83' lang='lat' dir='ltr'><strong>Episcopus</strong></span> <span class='ocrx_word' id='word_1_18' title='bbox 1390 2250 1581 2301; x_wconf 75' lang='lat' dir='ltr'><strong>Sancnssimnm</strong></span> <span class='ocrx_word' id='word_1_19' title='bbox 1602 2251 1739 2301; x_wconf 88' lang='lat' dir='ltr'><strong>Dominum</strong></span> <span class='ocrx_word' id='word_1_20' title='bbox 1761 2252 1883 2301; x_wconf 84' lang='lat' dir='ltr'><strong>Nostrum</strong></span> <span class='ocrx_word' id='word_1_21' title='bbox 1901 2250 1975 2301; x_wconf 83' lang='lat' dir='ltr'>Pium</span> <span class='ocrx_word' id='word_1_22' title='bbox 1995 2248 2039 2309; x_wconf 85' lang='lat' dir='ltr'><strong>lli,</strong></span> <span class='ocrx_word' id='word_1_23' title='bbox 2061 2246 2207 2298; x_wconf 79' lang='lat' dir='ltr'><strong>Pontificem</strong></span> <span class='ocrx_word' id='word_1_24' title='bbox 2252 2283 2255 2302; x_wconf 89' lang='lat'><em>.</em></span> <span class='ocrx_word' id='word_1_25' title='bbox 2292 2255 2293 2284; x_wconf 68' lang='lat'>³</span> 
     </span>
    </p>
   </div>
   <div class='ocr_carea' id='block_1_3' title="bbox 757 2322 2209 2391">
    <p class='ocr_par' dir='ltr' id='par_1_3' title="bbox 757 2322 2209 2391">
     <span class='ocr_line' id='line_1_4' title="bbox 757 2322 2209 2391; baseline -0.003 -15"><span class='ocrx_word' id='word_1_26' title='bbox 757 2325 907 2386; x_wconf 79' lang='lat' dir='ltr'><strong>Maximum,</strong></span> <span class='ocrx_word' id='word_1_27' title='bbox 919 2324 1020 2389; x_wconf 84' lang='lat' dir='ltr'><strong>rogarit</strong></span> <span class='ocrx_word' id='word_1_28' title='bbox 1031 2323 1105 2375; x_wconf 83' lang='lat' dir='ltr'><strong>enixe</strong></span> <span class='ocrx_word' id='word_1_29' title='bbox 1117 2330 1146 2375; x_wconf 93' lang='lat' dir='ltr'><strong>ut</strong></span> <span class='ocrx_word' id='word_1_30' title='bbox 1161 2324 1265 2375; x_wconf 75' lang='lat' dir='ltr'><strong>insimul</strong></span> <span class='ocrx_word' id='word_1_31' title='bbox 1275 2324 1417 2388; x_wconf 75' lang='lat' dir='ltr'><strong>adprobare</strong></span> <span class='ocrx_word' id='word_1_32' title='bbox 1426 2326 1575 2390; x_wconf 74' lang='lat' dir='ltr'><strong>dignaretur</strong></span> <span class='ocrx_word' id='word_1_33' title='bbox 1587 2326 1675 2379; x_wconf 88' lang='lat' dir='ltr'><strong>Ollinia</strong></span> <span class='ocrx_word' id='word_1_34' title='bbox 1686 2326 1804 2391; x_wconf 78' lang='lat' dir='ltr'><strong>quedam</strong></span> <span class='ocrx_word' id='word_1_35' title='bbox 1818 2326 1956 2391; x_wconf 78' lang='lat' dir='ltr'><strong>peculiaria</strong></span> <span class='ocrx_word' id='word_1_36' title='bbox 1964 2338 2024 2375; x_wconf 87' lang='lat' dir='ltr'><strong>oum</strong></span> <span class='ocrx_word' id='word_1_37' title='bbox 2043 2322 2209 2375; x_wconf 65' lang='grc'><strong>1110111110-</strong></span> 
     </span>
    </p>
   </div>
   <div class='ocr_carea' id='block_1_4' title="bbox 757 2398 2294 2468">
    <p class='ocr_par' dir='ltr' id='par_1_4' title="bbox 757 2398 2294 2468">
     <span class='ocr_line' id='line_1_5' title="bbox 757 2398 2294 2468; baseline -0.002 -17"><span class='ocrx_word' id='word_1_38' title='bbox 757 2402 821 2451; x_wconf 76' lang='lat' dir='ltr'><strong>cesis</strong></span> <span class='ocrx_word' id='word_1_39' title='bbox 834 2412 895 2459; x_wconf 78' lang='lat' dir='ltr'><strong>sun,</strong></span> <span class='ocrx_word' id='word_1_40' title='bbox 909 2398 965 2449; x_wconf 80' lang='lat' dir='ltr'><strong>brec</strong></span> <span class='ocrx_word' id='word_1_41' title='bbox 983 2399 1083 2463; x_wconf 83' lang='lat' dir='ltr'><strong>singula</strong></span> <span class='ocrx_word' id='word_1_42' title='bbox 1096 2400 1225 2464; x_wconf 85' lang='lat' dir='ltr'><strong>proposita</strong></span> <span class='ocrx_word' id='word_1_43' title='bbox 1237 2400 1413 2450; x_wconf 88' lang='lat' dir='ltr'><strong>Sanctissimus</strong></span> <span class='ocrx_word' id='word_1_44' title='bbox 1431 2401 1498 2451; x_wconf 88' lang='lat' dir='ltr'><strong>idern</strong></span> <span class='ocrx_word' id='word_1_45' title='bbox 1517 2404 1638 2453; x_wconf 84' lang='lat' dir='ltr'><strong>Dominus</strong></span> <span class='ocrx_word' id='word_1_46' title='bbox 1656 2402 1771 2467; x_wconf 73' lang='lat' dir='ltr'><strong>diligenti</strong></span> <span class='ocrx_word' id='word_1_47' title='bbox 1783 2402 1894 2453; x_wconf 83' lang='lat' dir='ltr'><strong>examini</strong></span> <span class='ocrx_word' id='word_1_48' title='bbox 1911 2400 1943 2453; x_wconf 88' lang='lat' dir='ltr'><strong>de</strong></span> <span class='ocrx_word' id='word_1_49' title='bbox 1962 2413 2035 2451; x_wconf 87' lang='lat' dir='ltr'><strong>more</strong></span> <span class='ocrx_word' id='word_1_50' title='bbox 2051 2406 2077 2449; x_wconf 90' lang='lat' dir='ltr'><strong>et</strong></span> <span class='ocrx_word' id='word_1_51' title='bbox 2096 2398 2209 2449; x_wconf 80' lang='lat' dir='ltr'><strong>revisioni</strong></span> <span class='ocrx_word' id='word_1_52' title='bbox 2292 2405 2294 2468; x_wconf 59' lang='grc'><strong>1</strong></span> 
     </span>
    </p>
   </div>
   <div class='ocr_carea' id='block_1_5' title="bbox 757 2474 2208 2541">
    <p class='ocr_par' dir='ltr' id='par_1_5' title="bbox 757 2474 2208 2541">
     <span class='ocr_line' id='line_1_6' title="bbox 757 2474 2208 2541; baseline -0.001 -15"><span class='ocrx_word' id='word_1_53' title='bbox 757 2474 916 2538; x_wconf 85' lang='lat' dir='ltr'><strong>subjiciendo</strong></span> <span class='ocrx_word' id='word_1_54' title='bbox 927 2476 1054 2538; x_wconf 75' lang='lat' dir='ltr'><strong>precepit.</strong></span> <span class='ocrx_word' id='word_1_55' title='bbox 1069 2475 1126 2534; x_wconf 83' lang='lat' dir='ltr'><strong>Qua</strong></span> <span class='ocrx_word' id='word_1_56' title='bbox 1142 2474 1246 2528; x_wconf 86' lang='lat' dir='ltr'><strong>tandem</strong></span> <span class='ocrx_word' id='word_1_57' title='bbox 1263 2476 1387 2525; x_wconf 75' lang='lat' dir='ltr'><strong>recisione</strong></span> <span class='ocrx_word' id='word_1_58' title='bbox 1399 2482 1500 2539; x_wconf 88' lang='lat' dir='ltr'><strong>peracta</strong></span> <span class='ocrx_word' id='word_1_59' title='bbox 1511 2478 1585 2541; x_wconf 83' lang='lat' dir='ltr'><strong>juxta</strong></span> <span class='ocrx_word' id='word_1_60' title='bbox 1597 2478 1741 2527; x_wconf 86' lang='lat' dir='ltr'><strong>Sanctitatis</strong></span> <span class='ocrx_word' id='word_1_61' title='bbox 1759 2478 1815 2527; x_wconf 79' lang='lat' dir='ltr'><strong>Suae</strong></span> <span class='ocrx_word' id='word_1_62' title='bbox 1828 2476 1950 2538; x_wconf 83' lang='lat' dir='ltr'><strong>Mentem,</strong></span> <span class='ocrx_word' id='word_1_63' title='bbox 1963 2474 2051 2525; x_wconf 87' lang='lat' dir='ltr'><strong>Ollicia</strong></span> <span class='ocrx_word' id='word_1_64' title='bbox 2064 2475 2127 2539; x_wconf 80' lang='lat' dir='ltr'><strong>ipsa,</strong></span> <span class='ocrx_word' id='word_1_65' title='bbox 2143 2480 2171 2524; x_wconf 91' lang='lat' dir='ltr'><strong>ut</strong></span> <span class='ocrx_word' id='word_1_66' title='bbox 2184 2474 2208 2524; x_wconf 92' lang='lat' dir='ltr'><strong>in</strong></span> 
     </span>
    </p>
   </div>
   <div class='ocr_carea' id='block_1_6' title="bbox 757 2550 2293 2617">
    <p class='ocr_par' dir='ltr' id='par_1_6' title="bbox 757 2550 2293 2617">
     <span class='ocr_line' id='line_1_7' title="bbox 757 2550 2293 2617; baseline -0.002 -15"><span class='ocrx_word' id='word_1_67' title='bbox 757 2551 864 2615; x_wconf 79' lang='lat' dir='ltr'><strong>adjectis</strong></span> <span class='ocrx_word' id='word_1_68' title='bbox 873 2550 1001 2600; x_wconf 80' lang='lat' dir='ltr'><strong>codicibus</strong></span> <span class='ocrx_word' id='word_1_69' title='bbox 1011 2564 1057 2614; x_wconf 86' lang='lat' dir='ltr'><strong>per</strong></span> <span class='ocrx_word' id='word_1_70' title='bbox 1071 2551 1249 2613; x_wconf 85' lang='lat' dir='ltr'><strong>quatuoranni</strong></span> <span class='ocrx_word' id='word_1_71' title='bbox 1260 2558 1344 2615; x_wconf 87' lang='lat' dir='ltr'><strong>partes</strong></span> <span class='ocrx_word' id='word_1_72' title='bbox 1357 2550 1499 2611; x_wconf 83' lang='lat' dir='ltr'><strong>distributa,</strong></span> <span class='ocrx_word' id='word_1_73' title='bbox 1514 2552 1653 2617; x_wconf 80' lang='lat' dir='ltr'><strong>Missusque</strong></span> <span class='ocrx_word' id='word_1_74' title='bbox 1667 2553 1693 2601; x_wconf 91' lang='lat' dir='ltr'><strong>in</strong></span> <span class='ocrx_word' id='word_1_75' title='bbox 1712 2552 1826 2616; x_wconf 88' lang='lat' dir='ltr'><strong>apposito</strong></span> <span class='ocrx_word' id='word_1_76' title='bbox 1840 2552 1927 2602; x_wconf 89' lang='lat' dir='ltr'><strong>codice</strong></span> <span class='ocrx_word' id='word_1_77' title='bbox 1939 2551 2074 2601; x_wconf 88' lang='lat' dir='ltr'><strong>adnotatas</strong></span> <span class='ocrx_word' id='word_1_78' title='bbox 2086 2550 2210 2600; x_wconf 73' lang='lat' dir='ltr'><strong>Sanctitas</strong></span> <span class='ocrx_word' id='word_1_79' title='bbox 2292 2577 2293 2586; x_wconf 29' lang='grc' dir='ltr'><strong>κ</strong></span> 
     </span>
    </p>
   </div>
   <div class='ocr_carea' id='block_1_7' title="bbox 758 2625 2211 2766">
    <p class='ocr_par' dir='ltr' id='par_1_7' title="bbox 758 2625 2211 2766">
     <span class='ocr_line' id='line_1_8' title="bbox 758 2625 2210 2703; baseline -0.003 -25"><span class='ocrx_word' id='word_1_80' title='bbox 758 2630 813 2692; x_wconf 84' lang='lat' dir='ltr'><strong>ipsa</strong></span> <span class='ocrx_word' id='word_1_81' title='bbox 821 2630 882 2687; x_wconf 89' lang='lat' dir='ltr'><strong>Sue,</strong></span> <span class='ocrx_word' id='word_1_82' title='bbox 891 2627 1015 2677; x_wconf 73' lang='lat' dir='ltr'><strong>referente</strong></span> <span class='ocrx_word' id='word_1_83' title='bbox 1027 2640 1069 2676; x_wconf 92' lang='lat' dir='ltr'><strong>me</strong></span> <span class='ocrx_word' id='word_1_84' title='bbox 1079 2626 1219 2703; x_wconf 76' lang='lat' dir='ltr'><strong>subscripto</strong></span> <span class='ocrx_word' id='word_1_85' title='bbox 1229 2626 1365 2676; x_wconf 81' lang='lat' dir='ltr'><strong>Sacrmum</strong></span> <span class='ocrx_word' id='word_1_86' title='bbox 1380 2627 1483 2677; x_wconf 88' lang='lat' dir='ltr'><strong>ititunm</strong></span> <span class='ocrx_word' id='word_1_87' title='bbox 1493 2628 1699 2693; x_wconf 83' lang='lat' dir='ltr'><strong>congregationis</strong></span> <span class='ocrx_word' id='word_1_88' title='bbox 1710 2628 1919 2689; x_wconf 84' lang='lat' dir='ltr'><strong>Pro-Secretario,</strong></span> <span class='ocrx_word' id='word_1_89' title='bbox 1929 2626 2080 2691; x_wconf 73' lang='lat' dir='ltr'><strong>adprobavit</strong></span> <span class='ocrx_word' id='word_1_90' title='bbox 2090 2625 2210 2689; x_wconf 83' lang='lat' dir='ltr'><strong>cleroque</strong></span> 
     </span>
     <span class='ocr_line' id='line_1_9' title="bbox 759 2701 2211 2766; baseline -0.001 -13"><span class='ocrx_word' id='word_1_91' title='bbox 759 2702 1077 2763; x_wconf 83' lang='lat' dir='ltr'><strong>catalaunensiconoesslt‚</strong></span> <span class='ocrx_word' id='word_1_92' title='bbox 1091 2701 1170 2750; x_wconf 82' lang='lat' dir='ltr'><strong>nevel</strong></span> <span class='ocrx_word' id='word_1_93' title='bbox 1184 2701 1210 2749; x_wconf 88' lang='lat' dir='ltr'><strong>in</strong></span> <span class='ocrx_word' id='word_1_94' title='bbox 1223 2703 1330 2753; x_wconf 89' lang='lat' dir='ltr'><strong>minimo</strong></span> <span class='ocrx_word' id='word_1_95' title='bbox 1340 2702 1468 2753; x_wconf 84' lang='lat' dir='ltr'><strong>illosinter</strong></span> <span class='ocrx_word' id='word_1_96' title='bbox 1481 2702 1578 2753; x_wconf 84' lang='lat' dir='ltr'><strong>Fideles</strong></span> <span class='ocrx_word' id='word_1_97' title='bbox 1588 2704 1718 2754; x_wconf 87' lang='lat' dir='ltr'><strong>decrescat</strong></span> <span class='ocrx_word' id='word_1_98' title='bbox 1727 2703 1820 2762; x_wconf 81' lang='lat' dir='ltr'><strong>cultus,</strong></span> <span class='ocrx_word' id='word_1_99' title='bbox 1833 2704 1874 2752; x_wconf 80' lang='lat' dir='ltr'><strong>rel</strong></span> <span class='ocrx_word' id='word_1_100' title='bbox 1888 2702 2055 2752; x_wconf 87' lang='lat' dir='ltr'><strong>imminuatur</strong></span> <span class='ocrx_word' id='word_1_101' title='bbox 2064 2702 2152 2766; x_wconf 87' lang='lat' dir='ltr'><strong>pietas,</strong></span> <span class='ocrx_word' id='word_1_102' title='bbox 2162 2715 2211 2766; x_wconf 84' lang='lat' dir='ltr'><strong>qua</strong></span> 
     </span>
    </p>
   </div>
   <div class='ocr_carea' id='block_1_8' title="bbox 758 2775 2300 2916">
    <p class='ocr_par' dir='ltr' id='par_1_8' title="bbox 758 2775 2300 2916">
     <span class='ocr_line' id='line_1_10' title="bbox 758 2775 2300 2841; baseline -0.001 -15"><span class='ocrx_word' id='word_1_103' title='bbox 758 2778 804 2841; x_wconf 89' lang='lat' dir='ltr'><strong>ipsi</strong></span> <span class='ocrx_word' id='word_1_104' title='bbox 816 2776 938 2827; x_wconf 83' lang='lat' dir='ltr'><strong>Coelestes</strong></span> <span class='ocrx_word' id='word_1_105' title='bbox 948 2777 1070 2827; x_wconf 81' lang='lat' dir='ltr'><strong>Patronus</strong></span> <span class='ocrx_word' id='word_1_106' title='bbox 1079 2788 1138 2826; x_wconf 88' lang='lat' dir='ltr'><strong>suos</strong></span> <span class='ocrx_word' id='word_1_107' title='bbox 1149 2778 1264 2826; x_wconf 79' lang='lat' dir='ltr'><strong>venerari</strong></span> <span class='ocrx_word' id='word_1_108' title='bbox 1280 2778 1398 2827; x_wconf 86' lang='lat' dir='ltr'><strong>assolent.</strong></span> <span class='ocrx_word' id='word_1_109' title='bbox 1414 2777 1546 2828; x_wconf 79' lang='lat' dir='ltr'><strong>Mandavit</strong></span> <span class='ocrx_word' id='word_1_110' title='bbox 1560 2792 1619 2828; x_wconf 82' lang='lat' dir='ltr'><strong>vero</strong></span> <span class='ocrx_word' id='word_1_111' title='bbox 1636 2778 1814 2827; x_wconf 86' lang='lat' dir='ltr'><strong>Sanctissimus</strong></span> <span class='ocrx_word' id='word_1_112' title='bbox 1829 2783 1858 2827; x_wconf 91' lang='lat' dir='ltr'><strong>ut</strong></span> <span class='ocrx_word' id='word_1_113' title='bbox 1877 2782 2012 2841; x_wconf 84' lang='lat' dir='ltr'><strong>postquam</strong></span> <span class='ocrx_word' id='word_1_114' title='bbox 2032 2776 2209 2826; x_wconf 83' lang='lat' dir='ltr'><strong>liniendam&#39;um</strong></span> <span class='ocrx_word' id='word_1_115' title='bbox 2292 2775 2300 2810; x_wconf 68' lang='lat' dir='ltr'><strong>l&#39;</strong></span> 
     </span>
     <span class='ocr_line' id='line_1_11' title="bbox 758 2850 2300 2916; baseline 0.001 -16"><span class='ocrx_word' id='word_1_116' title='bbox 758 2852 843 2915; x_wconf 87' lang='lat' dir='ltr'><strong>ipsum</strong></span> <span class='ocrx_word' id='word_1_117' title='bbox 854 2852 1007 2915; x_wconf 86' lang='lat' dir='ltr'><strong>Perpetuum</strong></span> <span class='ocrx_word' id='word_1_118' title='bbox 1019 2856 1045 2901; x_wconf 89' lang='lat' dir='ltr'><strong>et</strong></span> <span class='ocrx_word' id='word_1_119' title='bbox 1055 2852 1190 2915; x_wconf 84' lang='lat' dir='ltr'><strong>Proprium</strong></span> <span class='ocrx_word' id='word_1_120' title='bbox 1202 2850 1350 2902; x_wconf 83' lang='lat' dir='ltr'><strong>officiorum</strong></span> <span class='ocrx_word' id='word_1_121' title='bbox 1361 2859 1438 2915; x_wconf 87' lang='lat' dir='ltr'><strong>atque</strong></span> <span class='ocrx_word' id='word_1_122' title='bbox 1450 2852 1586 2903; x_wconf 79' lang='lat' dir='ltr'><strong>Missurum</strong></span> <span class='ocrx_word' id='word_1_123' title='bbox 1601 2852 1666 2916; x_wconf 72' lang='lat' dir='ltr'><strong>typis</strong></span> <span class='ocrx_word' id='word_1_124' title='bbox 1681 2852 1802 2901; x_wconf 81' lang='lat' dir='ltr'><strong>mandata</strong></span> <span class='ocrx_word' id='word_1_125' title='bbox 1814 2852 1916 2909; x_wconf 88' lang='lat' dir='ltr'><strong>luerint,</strong></span> <span class='ocrx_word' id='word_1_126' title='bbox 1929 2852 2024 2915; x_wconf 83' lang='lat' dir='ltr'><strong>duplex</strong></span> <span class='ocrx_word' id='word_1_127' title='bbox 2034 2852 2151 2902; x_wconf 93' lang='lat' dir='ltr'><strong>omnium</strong></span> <span class='ocrx_word' id='word_1_128' title='bbox 2161 2865 2211 2901; x_wconf 90' lang='lat' dir='ltr'><strong>au·</strong></span> <span class='ocrx_word' id='word_1_129' title='bbox 2297 2875 2300 2902; x_wconf 86' lang='grc' dir='ltr'>ι</span> 
     </span>
    </p>
   </div>
   <div class='ocr_carea' id='block_1_9' title="bbox 759 2924 2210 3066">
    <p class='ocr_par' dir='ltr' id='par_1_9' title="bbox 759 2924 2210 3066">
     <span class='ocr_line' id='line_1_12' title="bbox 759 2924 2210 2991; baseline 0.001 -15"><span class='ocrx_word' id='word_1_130' title='bbox 759 2926 898 2976; x_wconf 79' lang='lat' dir='ltr'><strong>clienticnm</strong></span> <span class='ocrx_word' id='word_1_131' title='bbox 913 2927 1041 2989; x_wconf 79' lang='lat' dir='ltr'><strong>exemplar</strong></span> <span class='ocrx_word' id='word_1_132' title='bbox 1056 2926 1090 2976; x_wconf 88' lang='lat' dir='ltr'><strong>ad</strong></span> <span class='ocrx_word' id='word_1_133' title='bbox 1102 2928 1238 2976; x_wconf 88' lang='lat' dir='ltr'><strong>Sacrorum</strong></span> <span class='ocrx_word' id='word_1_134' title='bbox 1250 2927 1353 2976; x_wconf 90' lang='lat' dir='ltr'><strong>ltitnum</strong></span> <span class='ocrx_word' id='word_1_135' title='bbox 1366 2926 1594 2991; x_wconf 74' lang='lat' dir='ltr'><strong>congregationem</strong></span> <span class='ocrx_word' id='word_1_136' title='bbox 1607 2927 1673 2976; x_wconf 91' lang='lat' dir='ltr'><strong>illico</strong></span> <span class='ocrx_word' id='word_1_137' title='bbox 1686 2926 1879 2977; x_wconf 81' lang='lat' dir='ltr'><strong>transmittatur.</strong></span> <span class='ocrx_word' id='word_1_138' title='bbox 1893 2924 2031 2976; x_wconf 84' lang='lat' dir='ltr'><strong>Contrariis</strong></span> <span class='ocrx_word' id='word_1_139' title='bbox 2044 2938 2096 2975; x_wconf 94' lang='lat' dir='ltr'><strong>non</strong></span> <span class='ocrx_word' id='word_1_140' title='bbox 2109 2925 2210 2977; x_wconf 83' lang='lat' dir='ltr'><strong>obstan-</strong></span> 
     </span>
     <span class='ocr_line' id='line_1_13' title="bbox 759 3000 1383 3066; baseline 0 -15"><span class='ocrx_word' id='word_1_141' title='bbox 759 3001 827 3051; x_wconf 89' lang='lat' dir='ltr'><strong>tibus</strong></span> <span class='ocrx_word' id='word_1_142' title='bbox 838 3000 1048 3066; x_wconf 84' lang='lat' dir='ltr'><strong>quibuscumque.</strong></span> <span class='ocrx_word' id='word_1_143' title='bbox 1063 3000 1108 3051; x_wconf 86' lang='lat' dir='ltr'><strong>Die</strong></span> <span class='ocrx_word' id='word_1_144' title='bbox 1119 3005 1149 3050; x_wconf 82' lang='lat' dir='ltr'><strong>Mt</strong></span> <span class='ocrx_word' id='word_1_145' title='bbox 1159 3000 1303 3051; x_wconf 88' lang='lat' dir='ltr'><strong>decembris</strong></span> <span class='ocrx_word' id='word_1_146' title='bbox 1313 3004 1383 3051; x_wconf 78' lang='grc'><strong>1851.</strong></span> 
     </span>
    </p>
   </div>
   <div class='ocr_carea' id='block_1_10' title="bbox 1461 3293 2067 3355">
    <p class='ocr_par' dir='ltr' id='par_1_10' title="bbox 1461 3293 2067 3355">
     <span class='ocr_line' id='line_1_14' title="bbox 1461 3293 2067 3355; baseline -0.005 -10"><span class='ocrx_word' id='word_1_147' title='bbox 1461 3296 1491 3346; x_wconf 75' lang='grc' dir='ltr'><strong>Α,</strong></span> <span class='ocrx_word' id='word_1_148' title='bbox 1504 3294 1577 3345; x_wconf 72' lang='lat' dir='ltr'><strong>sard.</strong></span> <span class='ocrx_word' id='word_1_149' title='bbox 1592 3295 1786 3355; x_wconf 81' lang='lat' dir='ltr'><strong>Ltnnnusonnn,</strong></span> <span class='ocrx_word' id='word_1_150' title='bbox 1799 3296 1825 3347; x_wconf 87' lang='lat' dir='ltr'><strong>S.</strong></span> <span class='ocrx_word' id='word_1_151' title='bbox 1840 3296 1869 3345; x_wconf 91' lang='lat' dir='ltr'><strong>ll.</strong></span> <span class='ocrx_word' id='word_1_152' title='bbox 1882 3294 1910 3345; x_wconf 90' lang='lat' dir='ltr'><strong>C.</strong></span> <span class='ocrx_word' id='word_1_153' title='bbox 1923 3293 2067 3345; x_wconf 71' lang='lat' dir='ltr'><strong>Proiectus.</strong></span> 
     </span>
    </p>
   </div>
   <div class='ocr_carea' id='block_1_11' title="bbox 1494 3542 2029 3609">
    <p class='ocr_par' dir='ltr' id='par_1_11' title="bbox 1494 3542 2029 3609">
     <span class='ocr_line' id='line_1_15' title="bbox 1494 3542 2029 3609; baseline -0.007 -14"><span class='ocrx_word' id='word_1_154' title='bbox 1494 3545 1569 3596; x_wconf 88' lang='lat' dir='ltr'><strong>Dom.</strong></span> <span class='ocrx_word' id='word_1_155' title='bbox 1585 3548 1668 3609; x_wconf 82' lang='lat' dir='ltr'><strong>Groui,</strong></span> <span class='ocrx_word' id='word_1_156' title='bbox 1680 3544 1706 3597; x_wconf 88' lang='lat' dir='ltr'><strong>S.</strong></span> <span class='ocrx_word' id='word_1_157' title='bbox 1719 3544 1749 3595; x_wconf 84' lang='lat' dir='ltr'><strong>n.</strong></span> <span class='ocrx_word' id='word_1_158' title='bbox 1761 3544 1788 3596; x_wconf 86' lang='lat' dir='ltr'><strong>C.</strong></span> <span class='ocrx_word' id='word_1_159' title='bbox 1803 3542 2029 3595; x_wconf 85' lang='lat' dir='ltr'><strong>Pro-Secretarius.</strong></span> 
     </span>
    </p>
   </div>
   <div class='ocr_carea' id='block_1_12' title="bbox 0 0 2703 7200">
    <p class='ocr_par' dir='ltr' id='par_1_12' title="bbox 0 0 2703 7200">
     <span class='ocr_line' id='line_1_16' title="bbox 0 0 2703 7200; baseline 0 0"><span class='ocrx_word' id='word_1_160' title='bbox 0 0 2703 7200; x_wconf 95' lang='lat' dir='ltr'><strong> </strong></span> 
     </span>
    </p>
   </div>
  </div>
 </body>
</html>
