5325 7200
798 801 918 883 Missa
933 805 1060 886 votivo
1079 807 1127 886 de
1145 804 1185 884 S.
1198 804 1237 883 P.
1258 802 1304 881 N.
1324 802 1439 885 Petro
1458 804 1685 895 Coelestino.
2092 823 2113 893 7

388 988 533 1070 Christi
562 987 723 1068 Demini
754 989 857 1067 mei:
897 998 1062 1091 propter
1090 1010 1210 1090 quem

387 1097 522 1179 emnia
536 1096 820 1176 detrimentum
836 1096 908 1173 leci
924 1105 963 1174 et
979 1096 1153 1175 erbitror
1168 1104 1213 1173 ut

388 1207 577 1293 stercora,
597 1218 642 1283 ut
660 1204 863 1284 Christum
891 1203 1148 1292 lucrificiam,
1174 1210 1213 1280 ct

386 1312 564 1391 inveniar
580 1312 621 1388 in
637 1312 706 1391 illo
723 1334 801 1391 uon
817 1311 970 1389 hebens
986 1334 1115 1390 meum
1130 1313 1214 1412 jus-

389 1420 517 1499 titium
536 1442 626 1519 quae
642 1442 690 1497 ex
707 1418 793 1521 lege
821 1427 894 1514 est,
914 1417 982 1497 sed
1002 1418 1111 1496 illum
1127 1440 1216 1519 quse

389 1553 436 1607 ex
463 1528 542 1605 lide
569 1540 631 1606 est
655 1526 803 1606 Christi
820 1526 927 1605 lesu.
949 1525 1047 1635 Quoe
1066 1548 1113 1604 ex
1132 1526 1216 1604 Deo

391 1646 448 1713 est
464 1634 620 1733 justitie
648 1634 690 1711 in
718 1632 796 1711 fide
824 1632 874 1710 ed
897 1632 1215 1733 cognoscendum

390 1743 504 1819 illum
528 1751 569 1820 et
590 1741 777 1820 virtutem
796 1738 1099 1819 resurrectidnis
1116 1743 1215 1839 ejuS,

390 1862 428 1927 et
453 1848 683 1927 societhtem
713 1847 946 1951 passienum
975 1847 1094 1944 illius,
1127 1870 1218 1926 con·

391 1956 582 2057 figuretus
607 1955 727 2035 morti
766 1957 866 2055 ejus,
915 1956 949 2032 si
987 1977 1067 2056 quo
1100 1954 1221 2033 modo

392 2062 601 2142 occdrrnm
630 2062 1027 2141 udresurrectienem
1046 2084 1136 2163 quae
1162 2070 1222 2140 est

392 2195 438 2248 ex
453 2171 640 2249 mertuis
657 2170 743 2249 Non
760 2170 868 2271 quod
883 2174 967 2271 jum
985 2170 1221 2272 acceperim,

394 2288 461 2356 cut
482 2280 569 2378 jum
588 2277 784 2379 perlectus
799 2279 896 2355 sim:
925 2300 1072 2380 sequor
1088 2286 1221 2356 nutem

396 2386 427 2463 si
445 2384 661 2485 quomodo
680 2384 1016 2485 comprehendam
1030 2384 1072 2461 in
1088 2406 1169 2486 quo
1183 2392 1223 2463 et

395 2492 722 2667 fflffpilehainsui‘
741 2514 872 2667 minda
891 2492 1178 2689 {hriswpsesuss

471 2611 649 2668 rane.
724 2611 754 2667 s.
850 2621 1223 2679 ...roer

396 2704 516 2782 rerba
539 2703 738 2782 lubierum
759 2706 921 2785 tucrum
939 2730 1011 2808 ego
1029 2626 1223 2787 cnstoillu

397 2812 478 2889 uias
495 2811 633 2890 durus.
645 2807 682 2902 i·
702 2813 850 2892 Perlice
864 2837 1024 2915 gressus
1039 2838 1166 2911 meos,
1180 2823 1225 2893 ut

401 2941 478 2998 uon
495 2919 731 2999 morehntur
747 2921 843 2999 vesti
874 2922 910 2999 ia
928 2944 1029 3000 mee.

439 3022 621 3121 Alternia,
649 3027 818 3106 ollelriiu.
840 2945 877 3115 ,ἒ
901 3018 1020 3099 Eccli·
1039 3022 1101 3098 51·
1129 3028 1227 3107 Leu-

399 3133 707 3215 demusPetrum
717 3135 993 3227 Coelestlnum;
1015 3135 1225 3215 lecitenim

402 3239 603 3319 mirabilia
619 3242 660 3319 in
683 3243 762 3323 vitu
781 3265 874 3321 sua:
896 3242 1101 3322 Exultetus
1119 3242 1228 3321 sede

400 3348 466 3425 but
480 3346 524 3422 iu
539 3348 656 3445 solio,
677 3363 715 3429 et
733 3350 819 3429 sine
836 3348 1017 3451 exemplo
1043 3350 1227 3429 humilii·

401 3467 463 3535 tus
478 3463 543 3533 est
560 3457 694 3537 nimis.
724 3457 905 3536 hllehiiu.

445 3555 1090 3660 PostSeptuugosimumffrectus.
1110 3558 1216 3639 Psi.

400 3666 548 3756 Bettus
576 3674 650 3770 vir,
680 3674 749 3775 qui
775 3673 889 3753 timet
919 3673 1152 3772 Deminum,
1188 3676 1228 3752 in

407 3781 608 3869 mundetis
627 3783 713 3880 ejus
731 3783 841 3885 cupit
857 3782 991 3861 nimis.
1018 3777 1057 3876 i.
1084 3783 1231 3862 Potens

406 3891 443 3967 iu
474 3901 586 3970 terra
617 3890 693 3968 erit
724 3911 859 3968 semen
891 3892 1000 3990 ejus:
1029 3890 1230 3992 generetio

404 3996 609 4080 rectdrum
639 3995 910 4075 benedicetur.
943 3993 981 4086 lc
1028 3997 1164 4077 Gleriu
1192 4006 1232 4076 et

405 4105 550 4184 ‹ttuliae
566 4106 608 4182 in
626 4104 746 4182 domo
772 4107 882 4205 ejus:
911 4112 951 4184 et
976 4106 1129 4206 justitia
1146 4107 1231 4208 ejus

406 4219 542 4291 munet
559 4212 602 4289 in
622 4212 810 4290 seculum
829 4213 976 4291 saeculi.

449 4313 647 4413 Tempore
659 4311 1224 4415 l'uschali.hilelriiomllelriiu.

404 4420 439 4514 i·
458 4425 688 4506 Laudemus
700 4426 860 4505 Petrum
871 4425 1158 4520 Coelestlnum;
1179 4428 1232 4506 lc·

410 4535 461 4613 cit
474 4533 584 4614 enim
597 4533 794 4611 mirabilia
808 4534 849 4610 in
862 4534 941 4614 vitu
959 4535 1229 4615 sua.hllelriia.

405 4635 440 4730 i·
463 4640 673 4719 Exultetus
700 4639 863 4720 sedebat
887 4642 929 4719 in
956 4641 1071 4739 selio,
1090 4651 1129 4721 et
1147 4643 1231 4720 sine

411 4749 593 4851 exemplo
603 4747 834 4827 humilietus
845 4749 1231 4829 estnimis.hlleldin.

459 4857 737 4969 ffiSequentiu
751 4865 878 4942 sancti
889 4864 1086 4968 Evangelii
1100 4865 1235 4946 sectiu-

527 4975 575 5002 ·'
648 4971 745 5049 dum
760 4971 1004 5051 blutthaeum.

410 5086 473 5256 Iu
488 5079 560 5158 illo
577 5079 758 5180 ternpore
776 5107 784 5154 :
815 5079 921 5158 Dixit
947 5081 1088 5160 Petrus
1103 5081 1154 5159 ud
1170 5081 1234 5160 le·

470 5209 579 5266 sum:
601 5210 691 5266 ecce
710 5209 783 5265 nos
802 5187 1036 5288 reliquimus
1048 5188 1182 5267 emnia
1197 5198 1236 5268 et

1295 982 1417 1059 sectili
1433 1004 1571 1061 sumus
1588 992 1640 1063 te:
1663 984 1759 1085 quid
1777 1008 1871 1088 ergo
1889 987 1965 1065 erit
1977 984 2116 1065 uobis?

1293 1090 1408 1167 lesus
1423 1098 1556 1168 nutem
1572 1090 1670 1170 dixit
1687 1092 1788 1170 illis:
1809 1094 1934 1172 Amen
1953 1092 2041 1172 dico
2053 1115 2117 1173 ro

1294 1196 1370 1293 bis
1389 1198 1495 1297 quod
1515 1221 1584 1277 vos
1610 1200 1678 1300 qui
1707 1200 1829 1279 secdti
1856 1201 1951 1279 estis
1974 1223 2053 1297 me,
2074 1200 2116 1277 iu

1295 1306 1592 1405 regeneratiene
1615 1330 1706 1385 cum
1733 1308 1881 1387 sederit
1907 1308 2028 1387 Filius
2046 1307 2117 1385 be·

1296 1411 1414 1491 minis
1427 1412 1468 1489 in
1483 1412 1576 1492 sede
1591 1415 1807 1516 majesthtls
1819 1438 1913 1504 sum,
1931 1414 2119 1494 sedebilis
2226 1428 2229 1435 '

1296 1529 1336 1598 et
1361 1540 1430 1599 vos
1469 1544 1590 1622 super
1620 1522 1733 1601 sedes
1761 1522 1986 1611 duedecim,
2018 1522 2120 1624 judi·

1296 1626 1432 1706 centes
1447 1627 1656 1707 duedecim
1675 1630 1803 1710 tribus
1819 1630 1956 1710 Israel.
1974 1631 2023 1709 Et
2035 1652 2119 1709 om-

1297 1736 1373 1830 nis,
1391 1735 1459 1835 qui
1475 1736 1867 1839 reliqueritdomum,
1882 1738 2114 1825 relicturos,

1298 1850 1367 1921 aut
1382 1842 1553 1933 soreres
1578 1854 1647 1924 aut
1660 1853 1830 1946 putrem,
1851 1855 1919 1923 sut
1932 1853 2117 1941 matrem,

1299 1956 1367 2027 out
1385 1948 1641 2048 ruerem,uut
1659 1953 1777 2049 filios,
1792 1961 2124 2054 uutugros,prop·

1299 2066 1359 2135 ter
1381 2078 1528 2137 nomen
1548 2081 1695 2150 meum,
1710 2060 1941 2167 centuplum
1954 2059 2121 2177 accipiet

1299 2164 1472 2349 i‘tvgam
1499 2166 1689 2247 aeternum
1714 2166 1949 2270 possidebit.
1964 2161 2118 2241 Dicrtur

1310 2294 1378 2349 ΑΓΘ
1408 2294 1446 2352 0.
1789 2302 1795 2317 '
2085 2306 2088 2315 '

1347 2370 1617 2453 Offertorium.
1649 2373 1789 2461 lnreni
1815 2380 1942 2463 David
1968 2404 2124 2462 servum

1301 2508 1449 2583 meum,
1467 2485 1555 2566 eleo
1567 2498 1704 2569 sancto
1717 2512 1807 2569 meo
1820 2488 1914 2567 unxi
1929 2511 2034 2568 eum:
2051 2512 2128 2567 ma-

1301 2618 1378 2672 nus
1396 2595 1502 2673 enim
1522 2618 1610 2674 meu
1624 2596 1879 2676 auxilihbitur
1904 2597 1953 2691 ei,
1980 2606 2019 2677 et
2035 2597 2125 2677 bre·

1302 2702 1437 2780 chium
1455 2724 1590 2782 meum
1608 2705 1849 2801 confortetur
1866 2726 1971 2784 eum.

1503 2811 1506 2817 ’
1541 2908 1545 2919 ¹
1623 2806 1796 2885 Secreta.

1376 2944 1549 2999 unnoslu
1565 2922 1607 2999 in
1620 2921 1927 3024 conspectutuo,
1942 2924 2126 3021 Demine,

1399 3028 1612 3108 humillimi
1638 3030 1737 3131 hgni
1764 3030 2006 3126 immaculeti
2040 3034 2128 3113 Fllii

1305 3137 1377 3225 tui,
1410 3137 1609 3216 victimam
1642 3136 1922 3237 immolemus3
1949 3162 2038 3241 quae
2057 3164 2130 3221 nos

1307 3244 1417 3323 cetu
1435 3244 1540 3323 Petri
1566 3244 1768 3325 Goelestini
1794 3246 2131 3329 intercedentibus

1307 3352 1472 3448 meritis,
1494 3360 1533 3430 et
1550 3350 1774 3432 innocentia
1788 3354 1876 3433 vitm
1889 3354 1977 3433 Tibi
1992 3356 2133 3436 reddat

1307 3460 1506 3561 acceptos,
1540 3470 1579 3537 et
1612 3461 1745 3539 cordis
1780 3461 2015 3543 humilitite.
2056 3465 2132 3543 Per

1309 3566 1496 3648 erimdem
1531 3566 1749 3649 Deminum
1784 3578 1967 3650 nostrum
1993 3572 2131 3652 iesum

1312 3673 1531 3756 Christum.

1357 3778 1608 3860 Communio.
1656 3785 1690 3858 l.
1740 3779 1832 3861 Cor.
1871 3781 1908 3858 b.
1948 3780 2007 3860 tu.
2047 3779 2133 3867 Nos

1310 3899 1442 3970 eutem
1458 3915 1539 3973 non
1553 3893 1736 3995 spiritum
1749 3893 1866 3994 hujus
1880 3893 2135 3973 mundiucce

1310 4000 1468 4101 pimus;
1487 4002 1558 4080 sed
1578 4001 1785 4103 Spiritum,
1803 4000 1871 4102 qui
1889 4024 1938 4080 ex
1955 4000 2039 4081 Deo
2058 4011 2131 4097 est,

1309 4117 1354 4186 ut
1372 4109 1557 4198 sciemus,
1580 4131 1670 4209 quoe
1695 4131 1718 4186 a
1746 4108 1830 4187 Deo
1861 4107 2008 4189 donhtn
2041 4118 2134 4189 sunt

1309 4216 1440 4296 nobis,
1459 4215 1641 4296 hllelriiu.

1545 4317 1879 4400 Postcommunio

1308 4451 1432 4623 Fur
1448 4431 1578 4531 uobis,
1593 4453 1822 4535 quaesumus
1835 4429 2019 4527 Demine,
2033 4429 2135 4508 sacri

1393 4541 1570 4641 mysterii
1596 4537 1803 4642 praelibhtu
1821 4533 1990 4617 dulcedo
2008 4536 2135 4616 subsi-

1314 4647 1426 4726 dium
1457 4648 1773 4750 sempiternum:
1819 4656 1859 4725 et
1892 4667 1992 4745 quos
2026 4643 2136 4724 Behti

1315 4755 1423 4834 Petri
1441 4754 1642 4834 Coelestini
1660 4753 1891 4833 memorium
1911 4752 2050 4831 devite
2071 4751 2135 4830 ee-

1316 4864 1396 4942 lere
1423 4861 1613 4952 tribuisti,
1643 4861 1795 4962 adeius
1813 4883 1973 4962 quoque
1991 4870 2030 4938 et
2047 4882 2135 4938 sun·

1316 4970 1462 5051 clithtis
1509 4970 1788 5070 imitatienem
1807 4977 1846 5047 et
1878 4966 2136 5048 beutitridiuis

1317 5079 1546 5159 societitem
1582 5077 1789 5181 pervenire
1826 5075 2013 5157 concede.
2061 5075 2137 5154 Per

1317 5187 1547 5266 Deminum.

1187 5491 1360 5573 INDEX.

457 5820 495 5856 xv.
513 5807 645 5856 Februarii.
661 5813 868 5865 rnnsrmoms.
881 5813 944 5864 reru
955 5813 1076 5865 coleson
1087 5815 1158 5880 rapo
1168 5823 1192 5867 u
1203 5815 1271 5882 coit
1288 5805 1414 5872 napum.
1426 5804 1522 5857 classis·

449 5874 498 5926 xix·
515 5873 581 5923 hlaif·
594 5881 620 5928 S.
633 5881 694 5930 Petri
705 5881 826 5929 Coelatiut
840 5883 940 5941 Pupam
952 5879 1020 5929 conl.
1040 5872 1129 5938 duplex
1137 5873 1159 5936 i·
1174 5873 1269 5927 llam·

466 5940 500 6000 xj.
515 5940 592 5986 iunii·
610 5945 678 5997 Com.
692 5947 852 6008 lnnnritiouir
868 5945 1100 5996 &indentemini
1116 5949 1186 6010 Ριρι
1196 5950 1294 6000 ctConl.

449 6019 502 6054 ¹¹¹·
514 6006 815 6066 Augusti-conmanunt·
829 6021 854 6061 et
864 6012 1029 6060 Ceronntionis
1041 6014 1067 6063 8.
1081 6015 1144 6064 Petri
1155 6017 1277 6066 Coelutini
1287 6019 1357 6079 Peon
1369 6021 1393 6066 et
1411 6015 1478 6068 Coul.
1502 6002 1590 6067 Duplex
1600 6003 1629 6064 ii·
1639 6002 1749 6080 clesma

451 6072 501 6131 xiij.
513 6071 657 6145 Decembris.
682 6078 875 6127 Renuntmlouic
884 6077 976 6126 Summi
992 6078 1148 6129 Pontificem·
1157 6083 1183 6131 s.
1196 6083 1257 6132 tetri
1266 6084 1386 6132 celestini
1399 6083 1468 6148 Prpe
1478 6089 1501 6135 et
1510 6082 1578 6134 Coul.
1600 6069 1690 6132 nuptu
1704 6082 1792 6132 milli·

453 6137 522 6184 uisu
538 6138 629 6184 ioht&
641 6144 671 6195 de
687 6145 712 6196 S.
725 6145 752 6194 Ρ.
764 6145 793 6195 u.
808 6145 878 6194 Petro
891 6143 1018 6193 Coelertluo
1028 6146 1200 6209 monsterol.
1216 6162 1259 6210 pro
1276 6151 1344 6200 ieris
1359 6151 1391 6200 ir.

1058 6311 1189 6364 Ιιοιιπιι,
1204 6313 1231 6355 u.
1241 6313 1511 6358 {tuum-nummu.
