5325 7200
672 891 771 898 -——-—
794 894 813 898 ..
1233 897 1360 902 --...--

707 983 781 990 —-
793 985 861 990 -—-.
872 985 973 992 --——-.
992 987 1180 994 ——.-—--—-
1193 988 1213 994 —

751 1123 802 1182 16*

748 1272 815 1328 nus
844 1255 986 1342 addrre,
1020 1255 1079 1352 qui
1110 1255 1147 1329 iu
1179 1253 1283 1328 carde
1311 1253 1421 1327 betta

747 1362 865 1433 Marius
878 1361 1027 1458 Virginis
1039 1383 1163 1456 puram
1176 1361 1219 1433 ab
1233 1360 1327 1433 anmi
1343 1358 1422 1432 labe

747 1467 962 1540 mansidnem
993 1467 1191 1562 praeparttsti
1219 1467 1299 1540 lesu
1325 1465 1424 1538 Cirri-

747 1581 800 1646 stc
822 1573 910 1647 Filio
933 1583 1005 1659 tua,
1029 1574 1179 1648 Itdmina
1197 1582 1327 1647 nostra.
1354 1573 1422 1660 Qui

748 1687 875 1753 tecum.

795 1796 961 1894 Proefatiu
977 1796 1020 1868 de
1035 1803 1076 1871 B.
1094 1801 1142 1869 M.
1164 1797 1315 1894 Virgine,
1329 1797 1374 1868 Et
1389 1802 1422 1868 te

746 1901 781 1972 in
799 1901 1030 1999 Cunceptidnc
1043 1903 1281 1984 immaculdta‚
1292 1927 1334 2000 p.
1352 1907 1422 1976 204

745 2006 800 2080 ucl
831 2013 919 2090 2233
949 2015 1053 2082 etsie
1079 2010 1206 2082 dicitur
1222 2034 1288 2108 per
1313 2023 1422 2081 tutam.

747 2116 912 2188 Octavam
925 2116 1008 2187 etin
1019 2116 1133 2189 Missis
1143 2116 1276 2188 notium.

797 2232 1013 2304 Communia.
1030 2235 1125 2304 Cant.
1148 2238 1182 2305 6.
1204 2233 1278 2331 Ego
1296 2231 1423 2308 dilecta

746 2358 839 2422 mec,
869 2343 904 2410 et
928 2336 1076 2411 dilectus
1101 2362 1201 2412 meus
1231 2340 1332 2430 mibi,
1362 2341 1421 2438 qui

745 2442 897 2538 piscitur
911 2444 1002 2517 inter
1016 2444 1102 2518 iiiia.
1126 2444 1284 2543 Atieidja.

933 2559 1230 2633 Pastcammunio.

827 2695 919 2743 unse
965 2674 1113 2746 coeldstis
1150 2676 1237 2771 pasti
1273 2675 1418 2765 deliciis,

848 2786 957 2864 tuem,
1004 2781 1108 2868 Deus,
1152 2783 1422 2869 misericdrdiurn

693 2827 698 2918 i
745 2883 984 2980 impinrdmus
1009 2895 1049 2959 ut
1069 2891 1293 2964 sanctissimae
1314 2891 1424 2990 Virgi-

746 2991 799 3062 nis
827 2992 954 3078 Muriae,
986 3017 1066 3090 qum
1097 3018 1233 3093 semper
1259 2998 1320 3070 tibi
1351 2999 1424 3095 plt-

745 3097 829 3180 cuit,
858 3099 1019 3193 prccibus
1049 3099 1172 3197 adjuti,
1202 3105 1309 3179 nuitis
1339 3130 1359 3179 a
1390 3115 1423 3180 te

746 3204 990 3277 tentatiduibus
1019 3211 1232 3301 sepertmur.
1262 3210 1328 3282 Pcr
1357 3211 1423 3286 Βό-

745 3330 895 3382 minum.

778 3427 799 3515 ς
811 3423 1331 3520 InfraOctavamlmmacrdatoe
1338 3436 1422 3506 Gon·

744 3531 1096 3627 ceptianisB.Marioe
1109 3538 1423 3637 Virginis.etindic

745 3640 877 3711 octava
885 3638 1014 3715 dicitur
1023 3644 1130 3717 Missa
1137 3646 1226 3718 sicut
1234 3647 1272 3718 in
1285 3647 1341 3719 die
1358 3652 1422 3721 Fc-

743 3744 804 3823 rdi:
825 3744 887 3816 scd
902 3747 996 3839 infra
1018 3753 1094 3822 Oct.
1117 3751 1248 3823 dicitur
1264 3755 1420 3827 secunda

639 3827 642 3988 Ι
746 3851 1116 3942 auctoramenta
1135 3858 1421 3956 respendun-

639 3993 642 4092 i
744 3966 812 4045 cta,
826 3954 880 4029 uel
891 3956 1047 4033 checto
1055 3961 1217 4059 Simplici
1229 3988 1365 4039 aecum.
1383 3968 1422 4043 Si

639 4095 642 4140 ι
744 4066 1420 4157 naaaccurratdiesDaminica‚dicitur

744 4168 897 4243 secanda
915 4174 1034 4247 Oratio
1052 4175 1096 4248 dc
1116 4180 1258 4252 Octava.

638 4361 650 4556 i
768 4478 813 4553 m
861 4482 1002 4559 rusro
1027 4386 1396 4566 ”iinsunons

794 4625 895 4679 ALHAE
907 4630 1018 4682 DOHUS
1029 4632 1063 4681 Β.
1078 4634 1194 4685 HARIAE
1209 4638 1365 4689 vmutms.

647 4783 650 4828 ,
900 4736 1077 4808 introitus.
1097 4742 1182 4811 Gen.
1199 4744 1258 4813 28.

847 4877 1007 4931 erumnis
1031 4867 1083 4933 cst
1108 4860 1207 4936 iocus
1232 4865 1294 4939 iste
1322 4894 1332 4937 :
1363 4868 1421 4941 hie

638 4931 649 5096 ¹!
744 4872 995 5137 Tdamus
1038 4968 1098 5043 Dei
1136 4978 1200 5059 est,
1249 4982 1284 5046 et
1322 4984 1422 5071 parta

870 5069 949 5142 casii
972 5098 980 5141 :
1001 5079 1035 5145 et
1049 5074 1225 5149 vocabitur
1244 5078 1325 5152 aula
1344 5081 1419 5154 Dei.

638 5217 649 5274 ἰ,
745 5168 876 5245 Psalm.
898 5180 961 5259 83.
988 5178 1101 5265 Quam
1123 5180 1247 5257 dilecta
1265 5186 1424 5261 taberni-

638 5297 641 5314 ·
744 5279 825 5353 cula
853 5288 925 5367 tua,
953 5284 1101 5360 deinc
1128 5289 1312 5363 viridium!
1342 5316 1423 5365 can·

638 5373 641 5392 '
745 5386 903 5481 cupiscit,
930 5394 965 5462 et
993 5389 1110 5464 deficit
1132 5394 1250 5468 inima
1278 5419 1357 5471 mea
1386 5398 1420 5470 in

638 5519 641 5533 ·
744 5492 831 5565 itriu
845 5493 996 5569 deini.
1017 5496 1053 5575 i·
1074 5498 1193 5574 Gldriu
1209 5504 1315 5576 Patri.

1013 5616 1149 5687 Oratio.

743 5742 898 5899 Duas„
912 5726 972 5823 qui
997 5726 1106 5801 bettae
1133 5734 1250 5806 Marioe
1271 5734 1420 5831 Virginis

1140 1139 1239 1182 MISSAE
1262 1139 1404 1182 PROPRIAE
1429 1137 1574 1182 utoecusts
1598 1138 1813 1182 Aupnumntsts.

1526 1253 1642 1344 cristi,
1657 1253 1804 1350 uimque
1818 1251 1852 1324 in
1868 1252 1946 1324 sinu
1959 1249 2120 1324 Ecolisioe
2133 1255 2201 1322 tuae

1526 1359 1729 1434 mirabiliter
1747 1359 1922 1432 cuilocdsti
1945 1387 1953 1428 :
1974 1355 2143 1442 cuuccdc;
2165 1361 2201 1428 ut

1526 1466 1691 1562 segregdti
1723 1489 1744 1538 a
1777 1463 2006 1540 taberndcuiis
2044 1465 2202 1558 peccatd·
2252 1434 2256 1547 i
2314 1512 2317 1527 .

1526 1597 1619 1658 rum,
1646 1573 1741 1670 digni
1771 1572 1966 1646 eiiiciimur
1995 1570 2203 1644 hubitatdres
2314 1630 2317 1641 .

1527 1679 1652 1753 dumus
1677 1687 1806 1754 sunctae
1832 1686 1913 1752 tuae.
1944 1680 2010 1752 Per
2040 1674 2202 1751 edmdcm

1526 1786 1728 1860 ltdminum.
2253 1852 2256 1925 ι

1579 1917 1622 1981 Et
1636 1917 1673 2005 fit
1693 1914 1880 1986 Cammcm.
1897 1911 2021 1999 Ferioe,
2039 1925 2071 1981 et
2079 1923 2202 2006 pastea

1526 2021 1564 2090 S.
1591 2015 1809 2105 Mclcbiadis,
1835 2021 1943 2114 Papae
1966 2031 1999 2089 ct
2018 2019 2140 2107 Mart,
2162 2037 2205 2086 ec
2305 1988 2307 2019 ⁴

1527 2129 1633 2198 Missa
1648 2127 1792 2218 statuit,
1807 2149 1845 2222 p.
1864 2125 1913 2222 iij.

1614 2410 1775 2484 tirunibus
1807 2411 1961 2506 requiem
1997 2407 2138 2504 quaesivi
2169 2412 2204 2480 et

1527 2430 1623 2591 INin
1644 2515 1845 2590 haereditdte
1868 2515 2005 2588 deini
2026 2512 2199 2588 mordbur.
2314 2554 2316 2589 t

1527 2623 1625 2696 Tunc
1643 2623 1817 2744 praecepit,
1837 2629 1870 2696 et
1890 2620 1974 2740 dixit
1986 2620 2081 2744 ‚mihi
2103 2619 2204 2694 Creti—
2253 2664 2257 2781 g
2313 2626 2316 2663 ¹

1528 2736 1582 2803 tor
1599 2732 1758 2802 dmnrum
1776 2757 1784 2800 :
1803 2735 1908 2824 etqui
1922 2738 2049 2800 creant
2064 2749 2132 2810 me,
2150 2749 2203 2800 re·
2313 2774 2315 2793 .

1527 2837 1655 2932 quievit
1670 2838 1705 2908 iu
1721 2833 1944 2910 tuberuttculu
1958 2857 2048 2918 meu,
2066 2841 2101 2906 et
2118 2831 2205 2904 dixit
2253 2822 2256 2951 ξ

1528 2944 1636 3016 mihi:
1652 2944 1690 3016 ln
1706 2943 1810 3018 Jacob
1823 2941 1993 3033 inhibita,
2010 2939 2202 3014 etinismei
2253 2964 2256 3057 g

1528 3049 1752 3134 haerediteire3
1773 3057 1806 3124 et
1822 3051 1856 3122 in
1875 3048 1992 3122 electis
2006 3047 2091 3122 meis
2106 3047 2203 3120 mitte

1526 3156 1669 3230 radices.
1687 3157 1730 3230 Et
1743 3156 1837 3230 sicin
1854 3156 1937 3230 Sion
1953 3154 2091 3228 firmite
2107 3173 2200 3236 sum,

1525 3274 1619 3345 etin
1646 3273 1780 3346 civitdte
1806 3271 2018 3344 sanctitictitu
2045 3269 2203 3342 similiter
2311 3258 2314 3301 ²

1526 3379 1689 3475 requievi,
1721 3386 1755 3452 et
1783 3381 1818 3451 in
1839 3377 2029 3452 Jerusalem
2052 3381 2203 3472 potestus

1527 2277 1643 2350 Lectio
1668 2277 1746 2351 iibri
1771 2278 1967 2374 Sapientiae.
1999 2273 2111 2348 Ecclc'.
2140 2279 2199 2346 24.
2252 2187 2257 2248 Ι
2314 2342 2316 2355 .

1525 3510 1615 3560 mea.
1641 3488 1683 3559 Et
1698 3485 1846 3560 radicdvi
1865 3485 1899 3557 in
1917 3483 2045 3580 pdpula
2065 3482 2204 3555 honori·
2303 3486 2305 3563 ᾗ

1525 3593 1642 3686 ficita,
1662 3602 1696 3669 et
1716 3595 1748 3667 in
1773 3600 1869 3691 parte
1888 3593 1949 3667 Dei
1970 3593 2036 3666 mei
2059 3591 2203 3665 haercdi-
2303 3609 2313 3656 :=

1526 3708 1576 3774 tus
1597 3702 1703 3787 iilius,
1727 3702 1816 3774 etin
1837 3698 2053 3797 plenitudine
2073 3700 2204 3771 sanctd

1525 3832 1604 3881 rum
1635 3807 1788 3881 detentio
1818 3829 1908 3879 mea.
1942 3806 2048 3894 Quasi
2078 3802 2210 3878 cedrus

1523 3912 1672 3985 exaltita
1704 3936 1780 3985 sum
1809 3912 1844 3984 in
1876 3911 2008 3985 Libano
2040 3917 2074 3983 et
2105 3910 2201 4007 quasi
2252 3913 2255 4008 t
2311 3899 2313 3924 ¹

1524 4022 1701 4113 cypressus
1736 4018 1771 4089 in
1806 4028 1924 4091 monte
1958 4016 2055 4091 Sion.
2097 4016 2202 4104 Quasi

1524 4124 1641 4220 paimu
1667 4124 1817 4198 exaitdta
1840 4146 1918 4196 sum
1946 4122 1981 4194 in
2013 4122 2140 4207 Gades,
2169 4130 2203 4196 et
2301 4107 2304 4154 ³

1523 4232 1621 4327 quasi
1661 4231 1829 4327 ptantdtio
1859 4252 1945 4303 rosae
1978 4230 2012 4301 in
2047 4229 2198 4303 iericho.
2301 4251 2303 4322 ;

1524 4340 1628 4427 Quasi
1651 4340 1741 4413 oliva
1762 4339 1915 4437 specidsu
1936 4338 1971 4409 in
1996 4338 2139 4433 campis,
2169 4344 2204 4410 et
2301 4341 2303 4350 '

1524 4447 1620 4543 quasi
1645 4446 1805 4543 plitanus
1830 4444 1980 4519 craltdta
2002 4466 2079 4516 sum
2102 4445 2204 4549 juxta
2300 4479 2303 4532 ;

1525 4574 1654 4651 aquarn
1683 4554 1718 4626 in
1745 4552 1877 4648 plateis.
1907 4552 2004 4626 Sicut
2028 4550 2205 4623 cinnamn
2300 4543 2302 4636 ἱ

1526 4684 1645 4749 mum,
1683 4666 1718 4734 et
1744 4658 1940 4732 bilsamum
1972 4658 2201 4731 aromatizans
2300 4715 2302 4764 ;

1525 4767 1667 4841 addrem
1684 4766 1762 4840 dedi
1789 4794 1797 4837 ε
1816 4765 1914 4863 quasi
1931 4764 2074 4861 myrrha
2092 4762 2201 4837 electa
2299 4771 2302 4824 t

1525 4872 1603 4947 dedi
1618 4875 1820 4949 suavitdtem
1836 4871 1964 4947 addris.

1575 4992 1903 5069 Graecanicam.
1923 4992 2200 5091 munampun
2223 4986 2228 4995 ’
2299 5081 2300 5100 ¹

1526 5100 1732 5185 udeina,
1764 5100 1854 5173 hunc
1880 5101 2067 5197 requiram,
2095 5106 2134 5171 ut
2154 5098 2202 5171 in·

1527 5204 1679 5279 hibitem
1701 5206 1737 5278 in
1758 5204 1863 5279 domo
1881 5204 2020 5279 deini
2039 5203 2201 5278 dumibus

1525 5310 1647 5385 diebus
1677 5312 1753 5385 vitae
1779 5334 1879 5385 mere.
1920 5312 1957 5391 i·
1985 5310 2030 5383 Ut
2065 5308 2199 5383 videam

1526 5418 1737 5513 valuptdtem
1788 5418 1940 5501 deini‚
1985 5422 2020 5490 et
2066 5416 2199 5489 visitem
2296 5463 2307 5500 „

1525 5524 1694 5619 templum
1734 5524 1820 5621 ejus.
1862 5522 2024 5619 Allelriju,
2074 5518 2199 5595 alletu-

1520 5631 1570 5727 ja.
1595 5631 1631 5710 i.
1661 5634 1789 5707 Psalm.
1817 5632 1876 5704 83.
1903 5630 1999 5704 uem
2019 5628 2077 5727 qui
2101 5626 2199 5701 utbi-

1523 5744 1596 5809 tant
1614 5738 1648 5809 in
1671 5736 1775 5811 domo
1793 5744 1865 5821 tua,
1886 5736 2031 5811 deine
2054 5762 2061 5805 :
2082 5735 2117 5807 in
2136 5756 2199 5805 soe-
2292 5777 2295 5816 i

826 5828 971 5904 domum
1010 5856 1072 5930 per
1109 5837 1279 5912 incarniti
1315 5839 1417 5915 Verbi
1522 5842 1821 5919 cuiusaeculdrum
1839 5842 2030 5917 laudibunt
2046 5848 2089 5915 te.
2106 5839 2196 5915 diic-
2299 5883 2302 5908 .

638 5957 649 6024 :g
743 5936 945 6027 mysterium
998 5943 1265 6019 misericdrditer
1298 5970 1417 6022 conse
1520 5948 1605 6047 luja.
2291 5935 2293 5944 ¹
