5325 7200
987 809 1026 865 10
1574 776 1684 849 Festa
1709 771 1820 867 Maii.

984 937 1093 1015 ndbii
1113 940 1359 1018 Confessoris
1377 954 1495 1040 atque
1515 936 1677 1015 Pontlfi·
1715 940 1809 1015 bore
1829 938 1933 1015 malo
1952 934 2137 1017 suscitavi
2153 952 2190 1013 te
2212 964 2221 1013 :
2253 935 2304 1012 ibi
2320 960 2383 1013 cor·

982 1036 1040 1113 cis
1055 1040 1248 1116 solemnia
1260 1046 1518 1127 recensentes,
1536 1035 1679 1135 purifi·
1713 1045 1828 1138 rirpta
1845 1053 1903 1113 est
1921 1054 2045 1115 mater
2060 1054 2129 1115 tua
2151 1062 2161 1109 r
2187 1034 2242 1111 ibi
2264 1034 2382 1111 violata

980 1136 1175 1213 sationem
1193 1144 1355 1240 quoq'ue
1376 1136 1519 1214 nostris
1539 1138 1678 1215 menti·
1713 1152 1770 1213 est
1787 1134 1950 1235 genitrix
1965 1152 2047 1213 tua.
2072 1138 2184 1213 Pone
2204 1160 2266 1211 me
2294 1152 2332 1209 ut
2346 1136 2382 1209 si·

980 1233 1675 1336 busimplordrnusPerDominum.
1713 1236 1924 1333 gndculum
1956 1258 2076 1335 super
2109 1258 2181 1313 cor
2212 1251 2382 1321 murmur

1036 1324 1292 1398 Communio·
1331 1326 1456 1397 Num·
1491 1322 1545 1395 25·
1580 1320 1679 1408 Ecce
1714 1334 1959 1433 signdculum
2024 1358 2142 1433 super
2201 1332 2380 1409 brachium

980 1430 1035 1506 do
1052 1431 1087 1508 ei
1106 1457 1243 1533 pacem
1264 1436 1423 1514 ioederis
1440 1432 1532 1519 mei,
1553 1446 1590 1507 et
1608 1430 1680 1506 erit
1713 1450 1826 1508 tuum
1849 1459 1858 1508 ε
1890 1430 1986 1532 quia
2012 1432 2122 1509 iortis
2144 1448 2205 1507 est
2231 1448 2272 1509 ut
2297 1456 2382 1509 mors

980 1530 1056 1630 ipsi
1071 1550 1229 1631 pactum
1246 1536 1462 1614 Sacerdorii
1480 1528 1680 1629 sempiter-
1713 1530 1895 1619 dilectio,
1949 1532 2050 1609 dura
2087 1530 2190 1608 sicut
2233 1530 2382 1607 infernus

980 1654 1093 1719 num,
1113 1633 1208 1732 quia
1235 1637 1382 1712 zelatus
1406 1654 1462 1712 est
1491 1654 1563 1729 pro
1594 1633 1678 1705 lteo
1712 1630 1912 1707 aemuldtio
1934 1660 1943 1720 ;
1965 1630 2171 1731 lampades
2189 1632 2285 1731 eius.
2302 1632 2380 1707 lint·

980 1752 1066 1806 suo.
1451 1820 1458 1833 .
1712 1728 1834 1828 pades
1857 1726 1957 1827 ignis
1985 1744 2103 1829 atque
2130 1728 2377 1805 flammarum.

1163 1824 1501 1899 postcommunio.
1712 1832 1835 1927 Aquae
1862 1828 1995 1905 multe
2013 1852 2093 1905 non
2110 1833 2377 1929 potueruntex·

988 1934 1259 2105 Mvsrrcrs,
1298 1936 1501 2025 Domine,
1543 1933 1677 2035 repleri
1713 1930 1887 2025 tinguere
1910 1926 2126 2016 caritatem,
2148 1950 2221 2004 nec
2237 1924 2377 2003 flumina

1089 2034 1354 2111 Sacramenris
1393 2051 1430 2111 te
1449 2034 1677 2136 suppliciter
1711 2026 1880 2103 obruent
1902 2024 2010 2101 iliam
2032 2052 2041 2102 :
2062 2024 2095 2101 si
2113 2024 2264 2103 dederit
2280 2024 2377 2101 homo

980 2128 1243 2231 deprecamur
1272 2160 1280 2207 :
1313 2150 1355 2209 ut
1373 2158 1461 2234 quae
1481 2152 1552 2235 pro¹
1575 2131 1676 2208 beiti
1695 2168 1697 2173 .
1713 2146 1872 2199 omnem
1888 2123 2148 2201 substantiam
2164 2122 2303 2200 domus
2315 2149 2378 2199 sua

898 2309 903 2323 ‚
979 2229 1146 2305 Zenobii
1183 2231 1432 2309 confessoris
1467 2230 1524 2309 tui
1559 2233 1678 2331 atqtie
1714 2246 1785 2322 pro
1800 2221 2147 2325 dilectione,quasi
2168 2222 2379 2323 nihildespi·

983 2328 1187 2405 Pontificis
1208 2332 1401 2407 celebrata
1429 2348 1519 2407 sunt
1530 2330 1675 2505 §idria
1713 2320 1787 2398 ciet
1804 2346 1908 2401 eant.

980 2426 1095 2502 nobis
1128 2431 1338 2527 proiiciant
1376 2430 1427 2507 ad
1465 2454 1527 2506 me
1558 2431 1675 2517 elam.
1766 2410 1975 2487 Gsflduflie·
2014 2413 2076 2487 ΡΞ·
2122 2432 2182 2507 72·
2229 2410 2377 2503 Quantas

983 2526 1059 2599 Per
1078 2528 1313 2604 Dominum.
1713 2518 1918 2597 ostendisti
1970 2516 2068 2596 mihi
2134 2516 2376 2595 tribulationes

1215 2633 1287 2690 ntis
1315 2632 1444 2691 xxvii.
1715 2621 1859 2696 multas
1894 2634 1931 2697 et
1953 2619 2092 2707 malas,
2122 2634 2161 2693 et
2192 2624 2375 2694 conversus

1010 2724 1052 2803 S.
1070 2722 1267 2805 MARIAE
1286 2726 1652 2805 MAGDALENAE
1714 2717 1917 2796 vivificdsti
1935 2741 1997 2794 me
2013 2746 2024 2805 ς
2043 2715 2145 2793 etde
2161 2716 2374 2817 abyssister·

1073 2843 1127 2899 or:
1157 2843 1305 2917 annis,
1325 2845 1438 2903 vino.
1460 2844 1583 2909 ason.
1713 2841 1765 2894 rae
1786 2822 1927 2894 iterum
1948 2815 2136 2893 reduxisti
2155 2840 2232 2891 me.
2267 2808 2299 2879 l·
2324 2810 2360 2881 P:

1148 2914 1348 2991 intrOiiuS·
1365 2925 1459 3000 Osee
1480 2948 1515 3001 2.
1712 2912 1772 3001 93·
1827 2914 2054 2993 secondum
2109 2912 2371 2991 multitidinen

1021 3075 1022 3078 a
1064 3093 1075 3110 „
1097 3061 1112 3084 ι
1132 3070 1145 3113 f
1164 3034 1394 3099 aonsnaore
1407 3022 1505 3099 mihi
1522 3020 1562 3099 in
1577 3047 1677 3099 sem.
1700 3012 1893 3117 ¹dolorum
1909 3018 2089 3091 meorum
2109 3012 2148 3088 in
2165 3012 2370 3090 cordemeo:

1033 3114 1047 3140 ³
1145 3173 1147 3178 -
1178 3118 1397 3218 piternum3
1418 3137 1455 3197 et
1474 3124 1674 3222 sponsibo
1709 3111 1997 3191 consolationes
2016 3130 2094 3189 tuae
2110 3112 2372 3189 laetificavirunt

1020 3221 1141 3319 aliga
1177 3237 1212 3294 re
1241 3219 1340 3297 mihi
1369 3218 1410 3295 in
1443 3218 1591 3322 justitia
1638 3236 1674 3297 et
1709 3211 1885 3289 animam
1904 3235 2049 3289 meam.

1016 3324 1108 3388 '2‘ss
1133 3332 1154 3385 t,
1175 3316 1337 3417 judicio,
1369 3335 1407 3395 et
1446 3320 1486 3395 in
1523 3318 1674 3394 miseri·
1761 3309 1946 3400 Alleiiria,
1977 3307 2151 3387 alleitiia.
2181 3300 2222 3383 l.
2254 3304 2359 3377 Gala

824 3452 829 3456 ·
976 3422 1142 3504 coola,
1177 3430 1214 3492 et
1252 3416 1294 3493 in
1336 3416 1670 3495 miserationibus.
1710 3408 1868 3488 Christo
1886 3410 2040 3487 confixa
2066 3433 2155 3487 sum
2176 3404 2372 3487 Cruci:vi·

984 3513 1051 3587 Pa.
1082 3530 1150 3609 44.
1182 3513 1383 3593 Eructavit
1427 3540 1496 3593 cor
1537 3540 1671 3593 meum
1706 3534 1759 3587 vo
1776 3526 1908 3586 autem
1929 3511 2007 3585 'arn
2025 3530 2105 3583 non
2124 3530 2210 3606 ego,
2226 3504 2372 3583 vivitne·

976 3617 1143 3694 verbum
1167 3617 1317 3692 bonurn
1340 3645 1348 3692 :
1370 3614 1460 3694 dico
1487 3640 1558 3714 ego
1578 3621 1672 3716 ope·
1708 3633 1753 3686 ro
1771 3608 1811 3685 in
1831 3633 1894 3685 me
1908 3536 2102 3686 (ihristus.
2118 3605 2290 3684 Alielriia.
2419 3611 2420 3630 ¹

979 3737 1022 3790 ra
1044 3738 1132 3790 mea
1152 3714 1262 3813 Regi,
1284 3711 1479 3793 li'.G16ria
1498 3715 1621 3794 Patri,
1763 3707 1959 3804 Tempore
2004 3703 2181 3780 paschali
2212 3705 2366 3814 ornitlrnr

988 3857 994 3871 ·
1252 3810 1404 3886 Oratio.
1714 3805 1923 3894 Graduale,
1942 3821 1977 3878 et
2004 3809 2088 3902 ejus
2121 3805 2204 3879 loco
2229 3807 2368 3876 dicitnr:

1090 3929 1142 3988 us
1159 3909 1392 4012 virginititis
1418 3917 1583 4002 amator,
1600 3911 1670 4013 qui
1711 3909 1889 4008 Alleltii'a,
1909 3909 2082 3989 alleldia.
2102 3904 2144 3986 li·
2161 3911 2219 3990 De
2229 3935 2288 3988 ore
2300 3931 2371 4010 pru·

1086 4013 1241 4087 beatam
1266 4014 1439 4088 Mariam
1470 4011 1671 4110 Magdala·
1707 4008 1835 4086 dentis
1868 4010 2044 4110 procedit
2087 4011 2187 4101 mei;
2228 4007 2369 4086 dulcido

978 4133 1070 4187 nam
1089 4109 1287 4208 Virginem
1320 4125 1390 4187 tuo
1418 4115 1552 4186 amore
1584 4133 1670 4187 suc·
1707 4108 1835 4186 mellis
1851 4126 1908 4186 est
1926 4111 2001 4186 sub
2018 4108 2151 4209 lingua
2168 4111 2259 4196 eus,
2277 4109 2369 4184 iavus

973 4216 1132 4286 censam
1159 4207 1384 4285 coelestibus
1413 4209 1528 4287 donis
1556 4208 1671 4286 deco·
1706 4207 1900 4284 distillans
1919 4207 2021 4284 labia
2038 4211 2138 4306 ejus.
2154 4213 2187 4286 Α
2202 4207 2318 4284 leidis.
2338 4215 2367 4271 t.

975 4307 1068 4384 rasti
1090 4335 1099 4384 :
1121 4305 1186 4396 da,
1207 4324 1389 4406 utquam
1417 4309 1670 4384 iestivaceie·
1708 4305 1909 4407 Sapientia
1953 4307 2161 4407 requiescit
2198 4306 2235 4382 in
2272 4301 2367 4382 corde

976 4407 1115 4482 britate
1144 4417 1406 4496 veneramur,
1437 4406 1604 4506 puritate
1634 4421 1671 4482 et
1705 4409 1803 4506 ejus,
1836 4421 1874 4482 et
1906 4405 2114 4506 prudentia
2144 4406 2184 4482 in
2215 4406 2366 4480 sermone

973 4507 1136 4581 caritate
1166 4503 1382 4582 inrite'mur.
1421 4508 1496 4583 Per
1532 4504 1670 4581 Domi·
1705 4503 1786 4580 oris
1807 4502 2126 4584 iiliusiliieidia.

913 4633 917 4638 ¹
976 4628 1088 4684 num.
1396 4707 1403 4718 ἱ
1724 4609 1776 4715 ffl
1803 4605 2010 4712 Sequentia
2029 4611 2152 4690 sancti
2172 4607 2344 4710 Evaugiiii

1031 4708 1076 4784 in
1102 4707 1236 4784 Missis
1264 4710 1427 4810 privatis
1457 4705 1499 4780 iit
1519 4719 1670 4782 tantum
1705 4711 1923 4788 secondum
1945 4711 2190 4788 Matthaeum.
2226 4703 2311 4797 Cal.
2348 4726 2352 4767 ¹

941 4865 951 4882 .
977 4830 1079 4881 corn.
1103 4811 1146 4884 S.
1165 4809 1330 4883 ioannis
1352 4809 1468 4904 Papae
1492 4809 1608 4884 Mart.
1630 4823 1672 4880 ut
1709 4821 1762 4988 ΙΝ
1792 4811 1860 4886 ilio
1881 4814 2058 4909 tempore
2088 4837 2097 4886 :
2137 4805 2363 4910 Respondeas

976 4907 1018 4979 in
1035 4906 1249 5014 illlissain·
1749 4911 1881 5006 iesus,
1914 4907 2047 4986 dixit:
2087 4909 2279 4986 Confiteor
2307 4905 2361 4980 tibi

979 5001 1112 5109 Lectio
1128 4999 1215 5076 libn
1243 4999 1467 5100 Sapientiae.
1495 5007 1610 5082 Cant.
1630 5008 1666 5080 8.
1706 5009 1820 5084 Pater
1843 5069 1853 5098 ‚
1883 5005 2043 5084 domine
2070 5009 2158 5084 coeli
2184 5025 2217 5084 et
2240 5023 2359 5090 terra.

1037 5115 1128 5174 AEvn
1145 5102 1229 5199 eius
1246 5101 1322 5175 sub
1344 5101 1471 5200 eripite
1496 5127 1599 5192 meo.
1629 5122 1666 5184 et
1700 5105 1795 5207 quia
1813 5104 2052 5184 abscondisti
2072 5107 2154 5183 haec
2171 5131 2192 5183 a
2208 5101 2361 5204 sapienti·

1057 5193 1211 5274 dextera
1242 5197 1349 5274 illius
1378 5201 1666 5300 amplexabitur
1701 5208 1775 5282 bus
1792 5222 1829 5282 et
1847 5203 2107 5305 prudentibus
2126 5266 2136 5295 ,
2158 5221 2192 5282 et
2208 5199 2357 5280 revelasti

973 5295 1661 5410 insidiarevos‚Fiiiaeiertisaiem‚
1698 5327 1744 5382 ea
1762 5303 1949 5403 parvulis.
1975 5305 2032 5380 ita
2056 5305 2177 5394 Pater,
2195 5299 2357 5404 quoniam
2419 5377 2420 5408 ἢ

973 5418 1022 5470 ne
1039 5401 1245 5508 suscitetis,
1267 5419 1395 5496 neque
1408 5398 1589 5498 evigilare
1606 5403 1663 5480 ia·
1698 5402 1754 5481 sic
1773 5401 1844 5479 luit
1863 5401 2049 5502 placitum
2065 5419 2154 5480 ante
2170 5419 2214 5480 te.
2234 5397 2357 5478 Omnia

971 5496 1085 5570 cirins
1101 5494 1430 5585 dilictam‚donec
1450 5497 1535 5598 ipsa
1553 5501 1659 5584 velit.
1697 5501 1795 5578 mihi
1814 5501 1955 5579 tradita
1974 5515 2105 5578 sunta
2131 5503 2235 5578 Patre
2256 5519 2354 5574 meo:

972 5595 1072 5688 Quae
1101 5608 1159 5668 est
1188 5593 1275 5682 ista,¹
1296 5619 1385 5695 quae
1407 5596 1580 5676 ascendit
1611 5601 1661 5678 de
1694 5616 1732 5678 et
1750 5623 1868 5677 nemo
1888 5599 2006 5677 novit·
2026 5599 2182 5696 Filium,
2206 5596 2272 5674 nisi
2296 5597 2355 5670 Pa·

971 5692 1124 5766 deserto
1141 5690 1292 5770 deliciis
1314 5694 1495 5786 affluens,
1526 5687 1781 5792 innixalrer;
1808 5720 1934 5800 neque
1953 5701 2108 5784 Patrem
2139 5696 2222 5800 quis
2237 5693 2351 5778 novit,
2419 5703 2420 5732 ³

975 5815 1094 5898 super
1111 5793 1298 5872 dilectum
1319 5819 1437 5872 suum
1452 5799 1467 5872 l
1484 5797 1569 5874 Sub
1599 5805 1658 5875 ar·
1672 5773 1678 5850 Ι
1692 5797 1766 5876 nisi
1784 5799 1921 5888 Filius,
1942 5811 1978 5874 et
1995 5796 2059 5874 cui
2076 5793 2232 5876 vollierit
2249 5791 2353 5872 Filius
2419 5821 2420 5824 Ν
