5325 7200
913 1013 975 1064 um
1001 1013 1053 1064 rv.
1079 1011 1188 1064 sunu.
1217 1011 1249 1064 S.
1275 1014 1491 1066 vunnurrur.
1960 991 2024 1068 13*

695 1130 850 1206 Oratio.
1228 1145 1286 1206 sta
1301 1158 1311 1223 ;
1348 1136 1381 1207 a
1414 1130 1608 1232 sapientiae
1639 1131 1794 1208 illerum
1828 1158 1874 1208 ex
1906 1133 2023 1208 corde

283 1240 293 1289 .:
455 1259 674 1312 unrromus
700 1235 930 1336 sempiterne
959 1237 1078 1329 Deus,
1106 1233 1172 1336 qui
1228 1239 1470 1337 conjungere,
1501 1253 1544 1314 ut
1576 1262 1734 1314 omnem
1763 1237 2023 1315 narratiunem

291 1312 294 1409 i
370 1255 454 1428 Ο
484 1366 556 1442 per
577 1341 735 1439 gloriosi
755 1343 856 1417 bella
879 1341 1099 1417 certaminis
1122 1340 1173 1417 ad
1228 1343 1298 1418 Dei
1309 1343 1434 1443 possis
1453 1345 1599 1420 audire.
1617 1345 1795 1422 Alleluia.

371 1447 613 1522 immortules
633 1446 850 1546 triumphos
877 1449 1011 1523 beutos
1030 1450 1174 1548 Murty·
1276 1451 1541 1551 Evangelium
1559 1463 1601 1525 ut
1621 1453 1659 1524 in
1673 1453 1803 1527 Missa
1829 1453 1955 1526 Intret.
1976 1451 2024 1526 de

286 1552 297 1643 ἰ
371 1577 432 1626 res
450 1555 642 1628 lrenaeum
656 1554 897 1646 Pontificem,
912 1558 946 1630 ἃ
960 1553 1095 1630 Sucios
1107 1579 1172 1628 ex·
1228 1557 1378 1631 Comm.
1387 1557 1493 1654 plur.
1508 1559 1639 1631 Mart.
1656 1582 1696 1655 p.
1712 1556 1775 1654 xij.

370 1656 510 1733 tulisti:
539 1657 593 1734 da
618 1658 731 1734 nobis
758 1675 801 1734 ut
825 1659 930 1760 apud
961 1659 1175 1736 misericor·
1277 1661 1545 1761 offertorium.
1564 1663 1691 1736 Eccli.
1716 1687 1775 1758 24.
1800 1661 2021 1738 Doelrinam

372 1764 475 1839 diam
506 1779 616 1840 tuam
642 1773 780 1840 eurum
816 1768 996 1866 juvemur
1027 1766 1173 1842 meritis
1228 1765 1338 1863 quasi
1353 1768 1624 1842 antelucanum
1638 1766 1813 1842 illumino
1826 1765 2020 1860 umnibus,

295 1884 300 2025 Ι
372 1895 541 1971 quorum
560 1873 775 1970 gaudemus
794 1872 990 1971 exemplis.
1012 1875 1084 1948 Per
1099 1877 1175 1948 Du·
1228 1875 1480 1948 &enarrabo
1513 1873 1617 1948 illam
1646 1897 1769 1974 usque
1799 1873 1849 1948 ad
1880 1874 2023 1972 longin-

297 2032 300 2053 .
372 1977 521 2053 minum
548 1993 727 2054 nostrum
745 1979 881 2053 Jesum
894 1977 1091 2053 Christum
1113 1981 1173 2054 Fi·
1227 2002 1361 2076 quum.

372 2083 464 2159 llum
479 2100 608 2160 tuum.
1531 2087 1700 2160 Secreto.

291 2168 301 2309 i¹
416 2193 473 2266 Et
481 2194 540 2288 fit
560 2191 776 2264 Commem.
800 2191 958 2267 Oeiovae
983 2194 1024 2268 S.
1049 2191 1172 2267 Joon·
1298 2217 1346 2265 an
1370 2191 1470 2265 hanc
1493 2213 1612 2290 quam
1636 2187 1834 2265 offerimus
1854 2187 2022 2264 bustiam

291 2304 302 2331 ''
373 2297 429 2372 nis
451 2297 661 2394 Baptistae,
683 2297 717 2370 ei
741 2297 907 2397 Vigiliae
928 2299 997 2373 88.
1016 2297 1173 2396 Aposto·
1227 2213 1297 2378 P
1322 2295 1363 2370 in
1381 2295 1480 2372 beiti
1501 2294 1680 2372 Irenaei&
1698 2293 1902 2372 Sociorum
1921 2296 2024 2369 Mar·

292 2332 328 2461 i*
371 2403 495 2476 lorum
520 2403 638 2477 Petri
668 2403 700 2476 t}
726 2403 858 2495 Pauli,
881 2403 991 2503 cujus
1016 2405 1170 2506 Evang.
1226 2417 1354 2501 tyrum
1368 2399 1619 2496 solemnitate,
1638 2400 1827 2493 danobis,
1841 2399 2019 2492 Domine,

292 2520 295 2571 Ι
372 2509 516 2609 legr'nrr
531 2509 572 2582 in
585 2511 667 2600 fine
679 2509 829 2584 Missae.
1226 2508 1425 2584 veritatem
1458 2513 1491 2583 &
1524 2531 1663 2608 pacem
1694 2505 1869 2604 diligere;
1913 2509 2024 2580 ut&
2164 2579 2167 2588 ,

299 2630 302 2725 l
371 2612 499 2689 Leeiio
529 2615 714 2712 Epistolae
739 2615 839 2690 beuti
866 2617 973 2692 Pauli
995 2617 1172 2715 Apustoli
1227 2613 1451 2690 invioletam
1470 2619 1669 2688 teneemus
1688 2610 1870 2688 Ecclesiae
1888 2611 2020 2704 fidem,

292 2712 302 2795 ἱι
416 2720 467 2794 ad
479 2719 746 2794 Timotheum.
769 2722 831 2796 ΙΙ.
854 2723 955 2797 Tim.
975 2723 1112 2819 &64
1226 2725 1261 2796 ἃ
1284 2719 1490 2796 indivisam
1511 2726 1708 2794 servemus
1731 2717 1927 2793 unitatem.
1951 2719 2023 2792 Per

292 2786 328 2931 i'.
444 2853 659 2904 nmssmu:
697 2831 885 2903 Permane
921 2828 960 2904 in
992 2827 1051 2923 iis,
1085 2854 1171 2929 quae
1228 2825 1439 2902 Duminum
1466 2840 1641 2900 nostrum
1668 2823 1802 2900 Jesum
1826 2822 2020 2898 Christum

299 2880 303 3015 i
469 2933 651 3025 didicisti,
695 2938 728 3009 ἃ
771 2934 915 3010 credita
952 2949 1041 3010 sunt
1087 2935 1168 3028 tibi,
1229 2932 1367 3007 Filium
1386 2947 1508 3007 tuum.

292 3038 302 3109 l
369 3038 545 3114 sciensa
579 3061 658 3137 quo
685 3038 896 3114 didiceris:
936 3038 1092 3139 &quia
1120 3042 1170 3115 ab
1276 3038 1522 3114 Communia.
1548 3037 1674 3111 Eccli.
1697 3059 1756 3131 24.
1778 3034 1913 3110 Videte
1931 3041 2023 3135 que·

292 3128 295 3211 ἓ
367 3143 526 3219 infantia
548 3167 679 3218 sacras
704 3145 848 3219 litteras
869 3145 983 3238 nosti,
1011 3169 1098 3246 quae
1134 3161 1169 3221 te
1226 3144 1330 3219 niam
1375 3167 1454 3219 non
1488 3141 1560 3218 soli
1596 3139 1690 3216 mihi
1728 3141 1917 3234 laboravi,
1954 3141 2022 3216 sed

292 3244 302 3325 ,ζ
368 3265 530 3349 possunt
570 3249 756 3324 instruere
802 3251 853 3325 ad
896 3252 1058 3326 salutem
1102 3276 1171 3350 per
1226 3249 1407 3327 umnibus
1424 3246 1710 3348 exquirentibus
1732 3245 1946 3323 veritetem.

292 3346 303 3389 ²·
369 3353 500 3446 fidem,
517 3378 606 3452 quae
618 3354 727 3430 estin
741 3355 895 3431 Christo
907 3357 1012 3431 Jesu.
1030 3357 1170 3432 Omnis
1456 3353 1784 3431 Postcommum'o.

300 3426 303 3495 Ι
371 3459 566 3558 Scriptura
587 3459 768 3536 divinitus
791 3461 974 3560 inspireta
991 3461 1092 3537 utilis
1113 3477 1171 3538 est
1297 3487 1424 3538 nusrn
1445 3461 1570 3552 nobis,
1593 3481 1817 3559 quaesumus
1838 3459 2017 3552 Domine,

294 3572 304 3658 l
371 3566 418 3641 ad
433 3565 673 3660 docendum,
693 3566 743 3641 ad
757 3567 1009 3666 arguendum,
1025 3568 1075 3644 ad
1089 3592 1170 3644 cor·
1321 3564 1641 3647 intercedentibus
1670 3565 1809 3643 sanelis
1847 3565 2022 3666 Martyri-

295 3717 305 3794 'l
373 3672 605 3771 ripiendum,
620 3674 671 3748 ad
684 3672 938 3749 erudiendum
950 3673 1167 3774 injustitia:
1226 3681 1298 3753 bus
1317 3674 1391 3752 tuis
1422 3676 1565 3749 lrenaeo
1592 3670 1797 3748 &Suciim
1824 3686 1880 3766 ut,
1914 3671 2021 3771 quod

295 3781 306 3858 'l
372 3794 412 3852 ut
432 3778 624 3877 perledlus
653 3778 700 3854 sit
722 3780 843 3854 homo
869 3778 955 3873 Dei,
982 3781 1033 3854 ad
1055 3804 1170 3855 omne
1225 3808 1292 3858 ore
1319 3778 1590 3878 contingimus,
1616 3801 1712 3877 pura
1742 3794 1869 3854 mente
1896 3776 2021 3877 capie-

303 3875 306 3990 ᾗ
373 3906 468 3983 opus
510 3886 658 3959 bonum
703 3883 922 3962 instruetur.
966 3887 1171 3963 Testificor
1226 3913 1326 3963 mus.
1350 3890 1423 3961 Per
1449 3882 1661 3959 Dominum
1689 3896 1865 3959 nostrum
1888 3886 2022 3959 Jesum

297 4021 300 4112 i
373 4014 504 4065 coram
524 3992 623 4083 De0,
644 3994 677 4065 u
696 3992 788 4065 Jesu
810 3990 976 4085 ChristO,
995 3990 1060 4091 qui
1076 3992 1171 4092 judi·
1227 3994 1422 4069 Christum
1445 3988 1584 4066 Filium
1606 4004 1751 4065 tuum:
1791 3987 1869 4085 Qui
1895 4004 2022 4065 tecum

374 4104 527 4171 caturus
545 4111 603 4171 est
622 4095 733 4171 vivos
753 4100 787 4171 81
806 4104 994 4191 mortuos,
1018 4123 1088 4198 per
1107 4099 1171 4174 ad·
1224 4100 1319 4175 vivit
1359 4104 1393 4175 &
1431 4112 1562 4195 regnat
1596 4096 1635 4169 in
1672 4094 1818 4171 unitete
1862 4095 2022 4194 Spiritus

298 4217 308 4294 l
374 4210 529 4276 ventum
553 4202 684 4303 ipsiuS,
708 4206 742 4277 a
762 4226 921 4301 regnum
942 4206 1023 4303 ejus
1046 4232 1054 4279 ε
1078 4230 1171 4305 prae·
1226 4203 1352 4283 Sandli
1368 4207 1485 4279 Deus.

298 4307 308 4398 ,Ι
375 4308 457 4383 dica
468 4311 650 4402 verbum,
670 4307 770 4383 insta
786 4317 1015 4408 opportune,
1030 4310 1172 4411 impor-

298 4465 301 4488 .
374 4422 497 4489 tune:
541 4420 672 4512 urgue,
713 4416 890 4508 ubsecra,
937 4422 1093 4515 increpa
1130 4417 1169 4493 in

298 4509 308 4620 '5
375 4520 478 4594 omni
493 4519 689 4620 patientia,
706 4524 739 4595 u
758 4520 943 4597 doetrina.
967 4521 1051 4597 Erit
1065 4522 1168 4599 enim
1326 4524 1364 4572 ΙΝ
1384 4520 1501 4573 FESTO
1521 4520 1574 4571 ⁵⁸·
1600 4518 1706 4571 PETffi
1730 4518 1778 4569 ΕΤ
1800 4518 1922 4569 ΜΗ·

298 4625 308 4806 ΙΙ
375 4641 539 4724 tempus,
567 4650 658 4701 cum
682 4651 817 4702 sanam
843 4627 1059 4705 doetrinam
1090 4654 1169 4705 non
1348 4618 1436 4681 PRO
1458 4615 1904 4682 COMMEMORATIONE

298 4765 301 4786 =
376 4730 627 4825 sustinebunt,
674 4730 742 4808 sed
781 4732 831 4808 ad
872 4758 941 4810 sua
978 4734 1169 4811 desideria
1288 4726 1421 4801 OMN·
1451 4726 1516 4800 SS·
1544 4720 1958 4797 APOSTOLORUM·

298 4847 308 4912 .'
378 4840 662 4913 coacervabunt
709 4837 779 4913 sibi
817 4846 1037 4938 magistrOS,
1078 4866 1169 4940 pru·
1279 4842 1331 4917 Ut
1385 4840 1425 4912 in
1488 4838 1759 4934 supplemento
1826 4834 2019 4933 generali.

305 4933 308 5028 Ι
377 4942 513 5019 rientes
534 4944 707 5037 duribus,
732 4949 765 5020 a
788 4970 811 5020 a
833 4947 990 5022 veritate
1012 4945 1169 5046 quidem
1225 4972 1264 5048 p.
1286 4947 1409 5045 cxxxj.

298 5027 308 5150 il
377 5049 546 5125 auditum
573 5059 757 5143 avertent,
784 5051 834 5126 ad
862 5054 1012 5129 lebulas
1040 5069 1170 5131 autem
1226 5058 2024 5099 --—-———--·-.-..---—-=-----

305 5169 309 5248 j
376 5160 656 5231 convertentur.
711 5158 774 5230 Tu
819 5182 913 5234 vero
955 5158 1083 5258 vigila,
1131 5159 1169 5234 in
1379 5172 1622 5279 FESTA
1659 5170 1860 5275 JULH

306 5283 309 5328 l
377 5258 554 5335 omnibus
592 5262 740 5354 labdra,
780 5285 879 5362 opus
911 5264 971 5339 fac
1004 5266 1171 5362 Evange·
1488 5360 1504 5366 ..
1535 5362 1541 5365 -
1991 5358 2016 5363 ,-

300 5401 303 5422 ι
377 5365 479 5459 listae,
495 5364 749 5441 ministerium
762 5382 872 5443 tuum
891 5368 1020 5469 imple.

299 5435 303 5522 i
422 5471 630 5545 Graduole.
649 5473 797 5547 Psolm.
828 5498 908 5552 121.
926 5478 1086 5576 Propter
1098 5478 1170 5551 lra-
1545 5436 1625 5499 DIE
1649 5435 1707 5498 lv.

300 5525 303 5644 i
377 5590 449 5649 tres
477 5600 601 5671 meos,
630 5578 885 5678 &proximos
909 5606 1018 5657 meos
1041 5584 1171 5681 loque·
1532 5569 1568 5618 ΙΝ
1596 5564 1715 5617 FE⁵T⁰

377 5680 441 5755 har
452 5706 589 5781 pacem
601 5683 649 5759 de
659 5699 706 5761 te.
719 5690 761 5784 pi.
772 5689 919 5763 Psalm.
935 5692 995 5765 36.
1010 5687 1170 5765 Custodi
1366 5676 1552 5752 SANCTI
1577 5672 1865 5793 VALENJlNl

299 5791 303 5808 '
376 5784 646 5883 innocentiam,
665 5791 802 5867 &vide
814 5794 1055 5893 aequitutem:
1077 5800 1171 5894 que
1485 5802 1753 5857 CONFESSORIS·

377 5890 476 5967 niam
503 5910 593 5970 sunt
620 5896 788 5997 reliquiae
814 5898 963 5974 humini
988 5900 1166 5998 pacifico.
1272 5897 1402 5973 Misso
1439 5898 1495 5972 Os
1525 5893 1627 5994 justi.
1664 5906 1706 5968 ut
1740 5893 1779 5967 in
1817 5889 2025 5968 Communi

299 6011 302 6092 l
376 5998 548 6091 Alleluia,
570 6000 734 6077 alleluia.
747 6004 789 6099 tl.
804 6004 928 6078 Eccli.
954 6007 988 6078 6.
1012 6006 1054 6079 ln
1068 6005 1167 6079 mul·
1225 6006 1339 6100 Cons.
1368 6028 1443 6079 non
1470 6003 1587 6076 Pont.
1612 6026 1651 6099 p.
1684 5998 1775 6099 xvij.
1801 6022 1888 6073 cum
1913 6000 2024 6075 Com-

299 6105 302 6116 '
376 6102 532 6181 titudine
572 6108 888 6209 Presbyterdmm
923 6109 1167 6210 prudentium
1224 6133 1338 6183 mem.
1357 6108 1513 6185 ottavo
1526 6110 1594 6183 SS.
1612 6105 1899 6205 Apostolorum.

1507 4386 1584 4449 DIE
1607 4386 1739 4449 XXIX.
