5325 7200
558 894 583 970 2
1259 897 1332 973 Dic
1352 895 1479 996 xxviij.
1502 897 1596 993 Moji

557 1051 715 1132 Menete
730 1055 771 1132 in
795 1077 865 1134 mev
881 1086 888 1134 :
904 1064 944 1136 et
960 1080 1032 1159 ego
1057 1059 1097 1135 in
1128 1060 1254 1142 vobis.
1272 1057 1382 1136 Sicut

559 1156 710 1258 palmes
747 1183 826 1241 non
865 1173 995 1264 potest
1028 1165 1131 1248 serre
1157 1169 1329 1246 fructum
1359 1188 1381 1241 e

558 1267 788 1370 semetipso,
809 1272 885 1350 nisi
916 1273 1107 1355 meuserit
1137 1278 1301 1355 invite:
1326 1274 1382 1352 sic

558 1397 632 1454 nec
653 1399 737 1466 vos,
769 1379 845 1458 nisi
865 1381 906 1458 in
937 1405 999 1461 me
1028 1385 1267 1465 manseritis.
1301 1385 1382 1484 Ego

558 1505 647 1561 sum
683 1485 788 1584 vitis,
818 1513 884 1568 uos
904 1489 1088 1590 pelmites
1118 1523 1126 1571 :
1162 1495 1229 1596 qui
1250 1501 1384 1572 monet

557 1591 598 1668 in
629 1615 706 1690 mc,
725 1605 764 1676 ct
788 1619 859 1698 ego
878 1597 917 1674 in
939 1621 999 1696 eo,
1022 1601 1086 1680 iric
1112 1603 1187 1681 fert
1211 1604 1380 1680 fructum

559 1699 756 1780 multum:
779 1705 872 1804 quie
890 1706 977 1784 sine
1007 1729 1069 1786 me
1100 1710 1199 1792 nihii
1218 1709 1384 1812 potestis

557 1797 699 1880 fecere.
724 1801 765 1882 Si
792 1805 881 1904 quis
914 1805 1040 1884 inme
1067 1831 1144 1888 non
1173 1811 1380 1906 mensore,

558 1905 737 1986 mittetur
750 1909 968 1992 fornssicut
984 1913 1149 2014 palmos,
1162 1926 1201 1996 et
1216 1917 1381 2012 arescet,

558 2022 598 2091 et
611 2013 800 2115 cdlligcnt
817 2040 923 2113 eum,
945 2022 1040 2099 etin
1060 2022 1191 2124 ignem
1209 2025 1381 2120 mittent,

558 2131 597 2200 et
611 2123 737 2202 ardet.
755 2123 796 2206 Si
812 2129 1039 2208 manseritis
1056 2131 1096 2208 in
1115 2155 1191 2230 me,
1209 2144 1248 2212 et
1264 2131 1384 2212 verbe

559 2231 700 2308 meein
719 2232 832 2314 uobis
853 2237 1385 2344 mensorint,quodc1imque

558 2335 763 2420 volueritis
811 2344 939 2441 etetis,
961 2354 1000 2424 et
1017 2347 1084 2426 fiet
1107 2349 1231 2429 vobis.

610 2437 748 2518 Oil'ort.
779 2367 841 2520 ds.
867 2446 928 2522 88.
958 2451 1263 2535 tionfitebirntur
1296 2459 1385 2537 coeli

560 2551 757 2632 mirabilia
782 2564 872 2654 tua,
902 2558 1087 2658 Domine,
1109 2573 1148 2642 ot
1179 2567 1383 2645 veritdtem

558 2667 668 2736 tuom
683 2661 723 2738 in
747 2663 921 2744 Ecclesia
937 2671 1164 2749 sanctdrum
1184 2700 1191 2747 :
1210 2673 1382 2752 alleluia.

884 2773 1057 2854 Secrcto.
1137 2809 1146 2832 ·

561 2881 718 3060 Germ
738 2876 809 2954 tibi
829 2879 892 2975 sit,
920 2880 1106 2980 Demine,
1128 2897 1275 2968 nostrae
1303 2913 1385 2970 ser·

639 2982 773 3064 vitetis
792 2985 955 3085 oblitio,
981 3014 1054 3092 pro
1072 3015 1148 3093 que
1172 2998 1385 3077 sanctinu-

560 3087 704 3170 tistites
722 3101 761 3172 et
781 3095 975 3197 Mertyrcs
1002 3103 1125 3180 nostri
1145 3104 1383 3207 Torquetus,

560 3193 821 3299 Cirtesiphon,
870 3202 1091 3303 Secdndus,
1149 3210 1382 3308 Indetetius‚

560 3301 767 3406 Caecilius,
807 3305 1029 3408 Hesychius
1067 3323 1104 3394 et
1139 3316 1385 3419 Euphresius

558 3413 787 3512 precatores
817 3415 1021 3498 accedant.
1046 3421 1121 3502 Per
1150 3425 1381 3508 Dominum.

611 3519 865 3601 tiommunio.
908 3529 1163 3611 tentabuntur
1201 3537 1298 3637 justi
1343 3538 1382 3616 in

560 3626 747 3727 deino,
771 3638 810 3709 et
828 3634 1048 3733 sperebunt
1067 3638 1108 3715 in
1129 3665 1177 3721 eo
1201 3670 1208 3718 :
1235 3653 1273 3722 et
1300 3645 1384 3722 lau-

559 3735 761 3815 dabuntur
774 3760 914 3819 omnes
929 3745 1024 3822 recti
1037 3748 1171 3827 corde.
1199 3750 1381 3831 Alleluia.

808 3846 1146 3935 Postcornmunio.

560 3964 741 4131 Fructus
762 3962 865 4053 tuoS,
891 3956 1075 4057 Domine,
1105 3986 1195 4064 quae
1214 3966 1383 4071 sumpsi-

639 4080 726 4139 mus
764 4061 1019 4145 Sacramenta
1055 4072 1294 4173 custddient,
1345 4088 1385 4157 et

560 4170 628 4270 qui
654 4167 863 4249 beaterum
892 4172 1112 4274 Mertyrum
1140 4182 1298 4260 tuorum
1326 4194 1382 4265 at·

557 4300 634 4377 que
654 4276 890 4357 Pontificum
912 4280 1103 4383 'l'orqueti
1117 4288 1383 4393 Chtesiphen-

557 4386 622 4479 tis,
645 4384 832 4477 Secirndi,
855 4386 1053 4486 indaletii,
1076 4392 1237 4494 Caecilii,
1262 4399 1382 4502 Hesy-

557 4494 635 4571 chii
664 4504 703 4571 et
723 4494 934 4597 Euphresii
956 4500 1239 4599 praedicetiene
1270 4509 1318 4585 ed
1341 4511 1384 4585 ti·

556 4600 647 4679 dem
692 4604 980 4703 pervenimus,
1037 4610 1176 4688 eorum
1222 4638 1383 4718 quoque

556 4709 709 4788 meritis
727 4709 928 4791 discemus
962 4716 1118 4796 terreno
1148 4719 1379 4824 despicere,

556 4826 595 4895 et
619 4816 753 4895 amere
782 4819 970 4900 coelestia.
992 4822 1065 4901 Per
1084 4824 1314 4908 deinum.

610 4921 727 5001 lintre
749 4939 871 5031 temp.
898 4930 1084 5017 i’nschelr
1100 4942 1246 5021 dicitur
1266 4948 1387 5023 Missa
1410 4970 1413 4976 ’

559 5034 599 5102 nt
637 5052 773 5132 supro,
810 5040 983 5141 demptis
1017 5039 1192 5137 allelt'lia,
1238 5053 1384 5151 Epist,

556 5132 753 5259 Grndnale
779 5156 818 5223 ot
845 5150 1027 5253 Ernngoi.
1053 5156 1100 5233 dc
1120 5160 1250 5257 primo
1270 5162 1387 5239 Com-

559 5264 666 5321 nrunr
698 5250 801 5348 plur.
835 5256 949 5337 Mart.
973 5272 1082 5341 extre
1102 5274 1224 5367 temp.
1243 5268 1383 5347 Pcsnh.

806 5494 864 5545 inti
892 5498 1014 5551 xxvrtr.
1039 5498 1130 5553 ΜΛΗ.

880 5594 915 5647 ΙΝ
945 5596 1051 5653 FESTO

633 5682 673 5761 S.
691 5680 849 5777 JUSTI,
871 5680 1032 5761 Et’tsd.
1055 5683 1118 5763 ET
1133 5685 1283 5765 CONF.

870 5800 1071 5880 introitus,

577 5935 607 5988 s
629 5945 635 5952 .
655 5924 758 6008 eppe
788 5898 886 5998 justi
931 5898 1191 5981 meditebitur
1226 5906 1382 6007 snpien-

577 6015 587 6076 ἰ
702 6008 865 6170 stium,
904 6006 1103 6131 etnlingue
1134 6014 1220 6113 ejus
1247 6012 1383 6157 iouue-

586 6137 728 6272 *mi
751 6114 1052 6307 &diffidi
1067 6130 1380 6331 resrirlrffipiii’idi

1469 1048 1556 1142 bus,
1578 1067 1708 1145 neque
1737 1039 1926 1122 celereris
1941 1037 2132 1117 incientes
2150 1036 2307 1138 iniqui·

1470 1155 1609 1234 tetem.
1631 1157 1668 1253 t.
1696 1149 1831 1232 Gloria
1852 1146 1973 1226 Petri.
2098 1247 2103 1257 .

1809 1261 1962 1340 Oratio.

1542 1391 1709 1448 ccursnu
1738 1373 1875 1461 tuem,
1906 1385 2137 1468 quesumus
2158 1361 2305 1441 Demi-

1473 1385 1538 1555 Ε
1556 1475 1751 1580 negritia
1759 1471 2167 1576 coelestisnmplfficet,
2179 1491 2304 1572 quum

1472 1585 1579 1664 beeti
1591 1587 1612 1664 J
1618 1586 1695 1664 usti
1714 1580 1966 1664 confessuris
1983 1581 2042 1660 tui
2055 1587 2178 1681 atque
2203 1578 2306 1658 Pon·

1472 1693 1589 1773 tificis
1613 1691 1816 1772 illustrere
1836 1689 1996 1770 voluisti
2010 1686 2201 1789 gloridsis
2223 1685 2306 1764 me·

1473 1802 1560 1882 ritis
1586 1824 1633 1880 ac
1648 1799 1856 1880 doctrinis.
1883 1797 1959 1876 Per
1973 1797 2211 1876 Dominum.

1513 1909 1644 1988 tectio
1664 1907 1855 2010 Epistolae
1878 1907 1922 1986 B.
1942 1905 2055 1984 Pauli
2080 1902 2269 2007 Apestoli

1609 2017 1657 2095 nd
1687 2015 1893 2096 Hebrceos.
1924 2025 2020 2122 (inp.
2045 2027 2102 2098 17».
2124 2029 2159 2098 7.

1537 2147 1682 2219 mrem,
1716 2123 1958 2202 Mementdte
1990 2121 2305 2225 praepositdrum

1475 2143 1535 2313 F
1564 2231 1801 2328 vestrdrum,
1830 2231 1900 2332 qui
1927 2230 2040 2310 vobis
2058 2229 2184 2309 locirti
2212 2241 2306 2310 sunt

1474 2339 1721 2419 verbumDei
1732 2367 1739 2415 :
1752 2361 1923 2440 quorum
1939 2338 2139 2417 intuentes
2152 2337 2304 2418 exitum

1473 2445 1805 2542 conuersatienis,
1817 2446 2031 2526 imitemini
2047 2445 2306 2526 iidem.Jesus

1475 2555 1660 2636 Christus
1674 2555 1776 2652 heri,
1793 2563 1833 2634 et
1850 2554 1995 2633 hodie:
2012 2554 2099 2657 ipse
2120 2561 2158 2633 et
2176 2554 2219 2631 in
2235 2577 2305 2634 see·

1474 2662 1577 2741 cula.
1605 2661 1808 2742 Doctrinis
1845 2662 1964 2741 veriis
1998 2671 2038 2742 ct
2081 2661 2306 2763 peregrinis

1476 2769 1597 2849 nolite
1636 2768 1795 2847 abduci.
1834 2768 2043 2872 Optimum
2091 2777 2152 2848 est
2197 2769 2304 2846 enim

1474 2877 1600 2979 gretia
1617 2875 1797 2956 stnbilire
1830 2899 1913 2972 cor,
1945 2899 2025 2956 non
2054 2876 2188 2956 escis:
2217 2899 2306 2978 quae

1475 3007 1555 3063 non
1575 2983 1811 3086 profuerunt
1837 2983 2137 3062 embuientibus
2153 2985 2198 3060 in
2232 2983 2303 3062 eis.

1477 3091 1681 3170 Habemus
1709 3090 1847 3186 altere,
1883 3091 1934 3170 de
1965 3114 2046 3192 quo
2074 3091 2197 3170 edere
2226 3113 2305 3170 non

1476 3198 1625 3277 hebent
1656 3197 1895 3299 potestetem
1936 3198 2005 3301 qui
2044 3197 2305 3278 tebernecuto

1474 3307 1717 3386 deserviunt.
1737 3306 1922 3404 Quorum
1942 3307 2048 3386 enim
2067 3306 2304 3386 animdiium

1473 3415 1643 3494 infertur
1660 3415 1821 3516 sanguis
1834 3439 1908 3517 pro
1924 3415 2086 3518 pecceto
2101 3415 2142 3492 in
2157 3415 2303 3494 Sancte

1473 3547 1546 3633 per
1575 3522 1816 3627 pontificem,
1844 3524 1991 3605 horum
2022 3526 2196 3625 cerporu
2221 3547 2304 3605 cre·

1474 3632 1635 3711 mentor
1658 3640 1769 3711 extro
1784 3641 1928 3711 cestra.
1950 3634 2118 3736 Propter
2135 3633 2250 3735 quod
2265 3642 2304 3711 et

1471 3742 1604 3837 iesus,
1621 3749 1667 3819 ut
1689 3740 1956 3821 sanctificdret
1973 3764 2046 3843 per
2064 3764 2182 3819 suum
2212 3744 2301 3821 sen·

1472 3848 1633 3949 guinem
1652 3847 1863 3949 populum,
1885 3858 1996 3929 extra
2022 3858 2178 3951 portum
2214 3874 2302 3951 pus·

1473 3980 1541 4035 sus
1559 3965 1633 4037 est.
1655 3956 1853 4035 Eueemus
1871 3956 1992 4058 igitur
2009 3958 2061 4035 ed
2081 3980 2172 4037 eum
2191 3968 2300 4037 entra

1471 4074 1615 4154 cestre,
1636 4064 1927 4165 improperium
1963 4067 2050 4165 ejus
2077 4067 2298 4167 portentes.

1470 4170 1556 4250 Non
1600 4170 1707 4251 enim
1749 4170 1951 4249 habemus
1984 4172 2049 4249 hic
2076 4173 2304 4251 manentem

1470 4276 1682 4373 civitttem,
1694 4276 1764 4355 sed
1779 4276 1955 4355 futurem
1971 4277 2305 4379 inquirimus.Per

1470 4386 1603 4487 ipsum
1627 4408 1721 4485 ergo
1740 4382 1956 4463 offeremus
1973 4385 2145 4465 hostiam
2173 4387 2303 4465 leudis

1472 4515 1632 4596 semper
1661 4493 1761 4590 Deo,
1782 4492 1887 4571 idest
1908 4492 2080 4573 fructum
2101 4493 2300 4573 labiorum

1471 4601 1748 4681 confitentium
1775 4599 1930 4679 nemini
1952 4602 2052 4701 ejus.
2077 4600 2302 4681 Bencficen·

1470 4711 1535 4789 tiae
1553 4716 1687 4789 eutem
1702 4717 1742 4787 et
1760 4708 2056 4787 communionis
2072 4708 2304 4789 noliteobii·

1471 4818 1580 4912 visci;
1600 4816 1748 4897 teiibus
1763 4818 1872 4895 enim
1890 4816 2032 4895 hestiis
2052 4818 2304 4919 promeretur

1472 4926 1593 5005 Deus.
1631 4923 1803 5004 Obedite
1835 4923 2061 5026 prepositis
2099 4927 2241 5005 vestris
2267 4936 2304 5004 et

1472 5034 1673 5137 subjacete
1699 5033 1756 5111 eis
1773 5062 1784 5128 ;
1816 5032 1893 5133 ipsi
1925 5032 2033 5111 enim
2070 5034 2304 5135 pervigilent
2447 5117 2448 5148 Ν

1475 5142 1590 5242 quasi
1610 5142 1807 5221 rationem
1836 5162 1911 5241 pro
1930 5139 2144 5220 enimebus
2161 5144 2300 5221 vestris

1473 5249 1681 5345 redditori,
1713 5258 1757 5327 ut
1771 5270 1862 5325 cum
1882 5244 2030 5347 giudic
2053 5248 2129 5329 hoc
2146 5248 2301 5343 iecinnt,

1472 5365 1604 5436 etnon
1622 5356 1848 5459 gementes:
1868 5356 1945 5433 hoc
1962 5356 2069 5433 enim
2090 5380 2169 5437 non
2191 5358 2304 5460 expe·

1472 5464 1532 5543 dit
1548 5463 1673 5543 vobis.

1524 5583 1735 5661 mucrore.
1779 5579 2042 5683 deotmunt,
2080 5592 2136 5663 16.
2174 5598 2208 5665 ut
2244 5596 2284 5663 ii

1474 5677 1708 5767 socerddtes
1733 5680 1820 5777 ejus
1840 5676 2004 5755 induem
2039 5678 2203 5759 solutori
2227 5710 2236 5755 :
2264 5694 2299 5761 et

1472 5788 1598 5865 sancti
1615 5789 1701 5887 ejus
1718 5784 1960 5865 exultatione
1983 5787 2234 5869 exuitebunt.
2259 5806 2291 5882 ἓ,

1479 5894 1579 5974 illuc
1608 5892 1829 5997 proddcam
1846 5916 1972 5974 cornu
1993 5896 2132 5993 David,
2165 5899 2299 5999 pareri

1478 6002 1682 6083 lucernum
1702 6002 1862 6087 Christo
1883 6025 1986 6082 meo.

1520 6109 1704 6206 Allelr'rie,
1733 6108 1904 6187 alleluia.
1946 6126 1985 6224 p,
2008 6125 2121 6204 Pfflv,
2148 6131 2207 6202 Η,
2239 6132 2299 6200 50,

1476 6220 1642 6297 Fructus
1683 6217 1781 6319 justi
1813 6216 1965 6319 iignum
1993 6219 2082 6299 vite
2112 6248 2120 6296 :
2155 6230 2195 6301 et
2230 6222 2297 6323 qui
