5325 7200
608 776 646 850 to
1251 768 1342 845 ‘Die
1360 765 1457 846 xxix.
1478 771 1497 846 J
1506 769 1584 846 ulii.
1616 829 1620 832 .

607 946 751 998 manus
768 945 880 1005 suas,
901 937 938 996 et
956 927 1251 1020 persequentur,
1275 919 1430 996 traden-
1693 924 1768 997 Pro
1785 939 1916 1000 sancta
1937 925 2122 1006 Praxede.

606 1044 664 1103 tes
681 1027 721 1103 in
741 1034 967 1129 synagogas,
989 1046 1025 1104 et
1042 1027 1256 1114 custodias,
1276 1028 1431 1103 trahen·
1461 984 1464 1120 i
1743 1031 2082 1112 Postcontmunio.

605 1152 662 1210 tes
692 1135 743 1211 ad
769 1161 875 1234 reges
898 1153 935 1210 et
967 1134 1152 1234 praesides
1179 1150 1339 1233 propter
1363 1159 1431 1210 no·
1557 1157 1738 1226 nrtnsrn
1772 1141 1958 1232 Domine,
1989 1145 2178 1222 familiam
2210 1145 2315 1226 tu'am

606 1267 697 1318 men
716 1267 848 1318 meum
867 1272 876 1320 ε
897 1248 1092 1340 continget
1106 1257 1239 1318 autem
1257 1241 1372 1317 vobis
1392 1241 1432 1316 in
1499 1163 1552 1332 S
1575 1248 1808 1322 munoribus
1843 1251 1965 1327 sacris
2000 1281 2007 1330 :
2040 1255 2137 1354 ejus,
2169 1281 2316 1356 quaesu·

604 1347 891 1425 testimonium.
919 1347 1058 1425 Ponite
1075 1373 1166 1446 ergo
1185 1348 1224 1422 in
1245 1348 1432 1424 cordibus
1497 1377 1600 1441 mus,
1612 1379 1767 1454 semper
1782 1354 2067 1436 interventione
2086 1385 2158 1437 nos
2176 1365 2313 1450 rifove,

604 1457 770 1546 vestris,
792 1481 871 1532 non
890 1455 1154 1556 praemeditari
1172 1455 1433 1555 quemadmo·
1495 1463 1608 1562 cujus
1634 1461 1825 1538 solemnia
1851 1467 2111 1544 celebramus.
2142 1473 2212 1546 Per
2241 1473 2315 1546 Do·

604 1563 702 1640 dum
739 1562 1023 1663 respondeatis.
1064 1565 1147 1661 Ego
1179 1562 1287 1637 enim
1326 1563 1431 1638 dabo
1497 1567 1664 1644 minum.

603 1669 719 1746 vobis
749 1695 793 1745 os
825 1687 862 1746 et
890 1669 1140 1770 sapientiam,
1163 1668 1227 1745 cui
1258 1693 1339 1744 non
1366 1673 1436 1768 po-

603 1794 734 1854 terunt
750 1783 940 1867 resistere,
953 1794 989 1854 et
1008 1775 1274 1853 contradicere
1293 1801 1433 1856 omnes
1462 1824 1466 1917 p
1818 1792 1890 1850 Dru
1907 1793 2003 1850 unu.

603 1884 820 1962 adversarii
847 1883 979 1961 vestri.
1001 1881 1234 1960 Tradomini
1257 1894 1435 1960 autema
1814 1899 1856 1956 lN
1879 1898 2010 1958 FESTO

604 1991 849 2092 parontibus
884 2007 921 2066 et
951 1989 1153 2078 iratribus,
1174 2005 1211 2064 et
1242 1989 1429 2088 cognatis,
1582 1985 1624 2062 S.
1648 1985 1846 2063 MARIAE
1861 1987 2233 2078 MAGDALENAE,

605 2097 809 2186 etamicis,
829 2113 866 2174 et
883 2113 1006 2172 morte
1019 2096 1197 2174 ‘afficient
1219 2119 1267 2171 ex
1283 2096 1399 2172 vobis
1420 2125 1428 2173 :
1706 2111 1884 2171 sonorus
1904 2113 1939 2170 s,
1963 2111 2123 2170 camni.

605 2221 642 2280 et
659 2205 768 2280 oritis
786 2204 880 2280 odio
898 2200 1088 2278 omnibus
1106 2219 1266 2301 propter
1285 2227 1432 2278 nomen
1556 2203 1604 2278 Ut
1621 2200 1660 2276 in
1677 2201 1844 2277 Missali.

609 2335 759 2399 meum,
793 2329 830 2387 et
864 2312 1032 2410 capillus
1062 2309 1111 2384 de
1146 2308 1271 2410 copite
1302 2327 1432 2386 vestro

606 2443 687 2495 non
706 2417 862 2518 peribit.
887 2422 932 2494 ln
950 2416 1138 2516 patientia
1158 2433 1288 2492 vestra
1308 2419 1432 2516 possi·
1796 2431 1863 2487 ull:
1897 2433 2018 2491 xxiii.

604 2525 747 2602 debitis
764 2525 921 2601 animas
935 2539 1098 2600 vestras
1596 2522 1654 2598 IN
1683 2522 1861 2599 FESTO
1886 2523 1927 2598 S.
1961 2523 2219 2611 CASSIANI,

586 2652 588 2657 ·
659 2633 800 2708 Credo.
1813 2648 2003 2709 Annarrs

657 2738 924 2815 Oll'ertorium.
955 2758 964 2812 1
994 2737 1095 2815 Petri
1116 2743 1148 2816 5.
1173 2739 1280 2813 Deus
1298 2737 1431 2814 omnis
1461 2706 1464 2829 i
1549 2739 1671 2814 blissa
1699 2738 1757 2814 Os
1784 2735 1887 2836 justi,
1924 2741 1970 2813 de
2004 2741 2215 2817 Communi
2242 2743 2308 2816 Ab

603 2845 749 2946 gratia,
782 2843 851 2945 qui
876 2843 1034 2920 vocavit
1062 2867 1136 2919 nos
1166 2844 1208 2919 in
1240 2851 1428 2920 aetornam
1500 2852 1647 2932 batum,
1671 2867 1760 2919 cum
1783 2846 1971 2920 Oratione
1990 2849 2180 2946 sequenti.

605 2977 719 3032 suam
743 2949 922 3050 gloriam,
952 2947 1156 3026 modicum
1182 2973 1321 3050 passos
1346 2950 1429 3050 ipse
1461 2872 1464 3051 i
1835 2952 1983 3028 Oratio.

604 3058 793 3162 perficiet.
1461 3058 1464 3185 l
1558 3075 1682 3134 Alteri
1706 3057 1952 3135 Confessoris
1967 3059 2023 3134 tui
2045 3061 2310 3144 CassianiDo

935 3166 1106 3240 Secreto.
1461 3202 1464 3251 ι
1498 3079 1551 3252 S
1575 3165 1695 3253 mine,
1719 3168 1845 3242 tribue
1872 3191 1943 3242 nos
1972 3168 2309 3266 supplicationibus

691 3289 918 3350 averrours
938 3284 1335 3368 nostrae,quaesumus
1355 3273 1431 3347 Do·
1497 3271 1621 3346 foveri
1644 3300 1652 3347 :
1674 3287 1715 3348 ut
1747 3276 1860 3374 cujus
1882 3274 2168 3374 depositionem
2187 3283 2308 3352 innuo

607 3298 686 3466 D
717 3379 838 3466 mine,
873 3375 943 3452 tibi
974 3392 1081 3475 grata
1115 3376 1193 3451 sint
1219 3384 1384 3454 munera
1417 3407 1425 3454 ε
1496 3380 1744 3455 celebramus
1774 3379 1921 3470 officio,
1954 3384 2039 3481 ejus
2069 3383 2175 3482 apud
2202 3399 2235 3460 te
2261 3383 2309 3457 in·

604 3513 693 3588 quae
711 3487 752 3564 in
770 3489 998 3562 sanctorum
1013 3488 1175 3566 tuorum
1189 3507 1431 3561 commemo-
1494 3485 1800 3562 tereessionibus
1826 3504 1862 3563 et
1889 3487 2039 3564 moritis
2068 3491 2304 3592 adjuvemur.

603 3596 753 3673 ratione
784 3593 900 3692 digne
930 3591 1164 3681 delorimus;
1186 3591 1219 3667 si
1248 3607 1285 3669 et
1317 3610 1429 3669 actus
1461 3578 1464 3610 '
1500 3593 1573 3669 Per
1595 3592 1827 3671 Dominum.

602 3705 762 3779 illorum
809 3699 955 3801 pariter
1004 3701 1310 3798 subsequimur.
1356 3703 1430 3777 Per
1550 3706 1597 3779 Et
1617 3704 1658 3779 lit
1676 3730 1887 3781 commem.
1911 3708 1950 3780 S.
1974 3705 2137 3793 Liboni,
2161 3706 2304 3805 Episco-

605 3807 826 3885 Dominum
847 3822 1026 3880 nostrum
1050 3808 1189 3882 lesum
1205 3806 1425 3884 Christum.
1460 3815 1463 3916 ξ
1497 3814 1534 3912 pi
1553 3830 1587 3889 et
1608 3812 1868 3890 Coufessoris.
2402 3804 2403 3807 '

800 3917 875 3991 Pro
896 3930 1026 3989 sancta
1044 3912 1228 3991 l'roxecle.
1460 3927 1463 3984 1
1494 3954 1569 3961 --·
1586 3956 1590 3960 -
1609 3954 1890 3965 --·—----·--·—
1910 3958 1936 3965 —-
1953 3958 2057 3965 --—--
2071 3958 2083 3962 -
2096 3956 2142 3963 ·-
2182 3950 2298 3961 „„.-
2402 3996 2403 4003 ,

932 4024 1098 4098 Secreta.
1797 4044 1866 4101 orti
1902 4044 2013 4101 xxiv.
2402 4008 2403 4089 l

683 4147 841 4206 ccam
871 4126 940 4203 tibi
971 4125 1033 4213 sit,
1057 4125 1241 4214 Domine,
1270 4111 1462 4236 sacrotae!
1546 4130 1603 4205 IN
1627 4130 1804 4209 FESTO
1825 4128 2259 4215 S.APOLL1NARIS,
2402 4094 2403 4137 i

604 4156 681 4325 Α
709 4234 834 4337 plebis
864 4233 1026 4321 oblatio,
1061 4257 1133 4333 pro
1164 4238 1324 4309 tuorum
1360 4236 1430 4310 ho·
1655 4254 1839 4315 snrscorr
1862 4256 1914 4313 rr
1933 4256 2156 4313 unnrrnrs.

604 4347 700 4421 nore
731 4346 957 4418 sanctorum
988 4369 996 4416 ε
1021 4364 1195 4440 quorum
1221 4366 1262 4415 se
1282 4340 1430 4417 moritis
1550 4348 1663 4426 Utin
1693 4348 1859 4435 Missam
1878 4348 1972 4433 heri,
1995 4368 2087 4421 cum
2108 4364 2299 4421 commem,
2402 4394 2403 4399 ,

602 4449 651 4525 de
685 4448 940 4527 tribulatione
977 4449 1197 4547 percepisse
1231 4447 1430 4546 cognoscit
1458 4505 1461 4597 p
1495 4454 1641 4553 Vigiliae
1676 4455 1717 4531 S.
1749 4454 1904 4541 Jacobi,
1938 4468 1975 4528 et
2011 4454 2053 4529 S.
2089 4450 2301 4527 Christirue.

601 4558 808 4635 auxilium.
829 4559 904 4632 Per
920 4553 1155 4631 Dominum·
1458 4600 1461 4610 ‹
1494 4562 1598 4662 Virg.
1616 4576 1652 4639 et
1676 4563 1815 4651 Mart.;
1837 4564 1988 4660 Evang.
2005 4558 2154 4659 Vigiliae
2168 4557 2206 4637 in
2219 4556 2298 4633 line.

655 4666 912 4768 Communia.
954 4664 1099 4745 Psalm.
1131 4668 1190 4743 65.
1229 4615 1461 4774 'l'ransivi·!
1494 4666 2297 4720 —-—-——---‘——-—--

604 4796 708 4862 mus,
731 4770 916 4860 Domine,
940 4795 1010 4869 per
1035 4770 1164 4870 ignem
1192 4785 1229 4845 et
1255 4794 1425 4871 aquam;
1811 4788 2004 4849 DIEXth.

603 4896 640 4957 et
659 4876 828 4955 eduxisti
848 4902 921 4953 nos
938 4878 979 4953 in
999 4875 1257 4975 refrigerium.
1593 4877 1651 4955 IN
1681 4874 1858 4951 FESTO
1879 4875 1919 4951 S.
1942 4875 2210 4961 MARTHAE,
2402 4866 2403 4889 ¹

847 4984 1182 5064 postcommunio.
1573 5000 1775 5071 vmcuus,
1806 5000 1980 5058 sonorus
2005 5000 2040 5059 s,
2071 5000 2227 5058 ramni.

691 5110 818 5167 tonus
848 5092 997 5168 amoris
1024 5090 1096 5180 tui,
1132 5089 1317 5179 Domine,
1341 5086 1427 5193 ¹quo
1691 5092 1889 5173 lntroitus.
1923 5094 2038 5171 Joau.
2068 5114 2120 5170 rr.

705 5197 1428 5297 pascimur,intercedontibussanctis
1498 5237 1554 5296 ἧς
1576 5216 1721 5298 effu!
1760 5194 1857 5272 mihi
1897 5194 2121 5282 ministrat,
2158 5216 2219 5267 nte
2255 5214 2300 5265 se·
2402 5190 2403 5261 l

602 5302 848 5403 Martyribus
882 5305 962 5382 tuis
996 5305 1167 5392 Victore,
1208 5304 1423 5396 Felicidno,
1498 5291 1538 5390 ΞΥ
1561 5285 1600 5356 ³²5
1632 5299 1664 5394 *tl
1689 5310 1923 5403 quoturzet
1950 5300 2019 5377 ubi
2044 5286 2114 5399 ego
2137 5320 2236 5384 sum,
2263 5294 2298 5370 il·
2402 5314 2403 5325 ¹

599 5409 843 5499 Alexandro,
887 5414 1088 5510 Longino,
1133 5427 1171 5486 et
1211 5413 1425 5490 [leutherio
1519 5435 1532 5502 g
1560 5397 1608 5486 ΞΔ
1634 5395 1665 5550 g
1690 5411 1740 5488 lic
1764 5426 1802 5487 et
1826 5409 2003 5486 minister
2024 5403 2237 5483 meuserit.
2263 5400 2296 5479 Si

602 5517 848 5606 Cont'essore,
870 5518 990 5595 fortes
1009 5518 1137 5596 intuo
1156 5535 1290 5595 sancto
1309 5524 1426 5597 servi·
1507 5551 1608 5576 ι
1647 5529 1665 5574 ³·
1690 5516 1782 5619 quis
1803 5516 1901 5594 milri
1926 5512 2215 5599 ministriverin
2242 5513 2297 5585 ho

600 5620 655 5700 tio
681 5622 852 5701 efficiat:
875 5642 916 5701 ut
934 5624 1004 5726 qui
1024 5624 1095 5702 titii
1116 5630 1341 5703 sanctorum
1363 5653 1425 5705 su·
1488 5623 1814 5703 norificalbiteum
1838 5626 1954 5700 Pater
1973 5648 2099 5707 meus,
2121 5618 2211 5697 dicit
2227 5620 2295 5693 Do·

600 5752 709 5819 mus,
743 5736 883 5809 eorum
913 5732 1098 5833 precibus
1123 5750 1161 5810 et
1188 5732 1420 5823 imitatione,
1488 5731 1621 5809 minus
1638 5735 1901 5831 omnipotens.
1932 5736 2078 5815 Psalm.
2102 5754 2177 5813 too.
2195 5719 2294 5807 Oculi

598 5837 828 5915 concessam
858 5838 954 5939 ipsis
985 5858 1021 5917 et
1046 5844 1282 5941 promissam
1308 5840 1423 5917 nobis
1488 5838 1564 5914 mei
1588 5836 1639 5915 ad
1664 5838 1800 5914 fidoles
1822 5853 1957 5926 terrae,
1985 5850 2027 5915 ut
2050 5836 2206 5913 sodeant
2227 5854 2294 5907 me·
2402 5834 2403 5899 l

599 5943 864 6022 haereditaitem
898 5954 1190 6049 consequamur
1219 5952 1419 6024 aetornam.
1485 5970 1578 6023 cum
1606 5974 1614 6022 :
1644 5946 1855 6022 ambulans
1880 5942 1921 6019 in
1945 5942 2010 6021 via
2038 5942 2289 6055 immaculdttt,

600 6049 681 6147 Qui
707 6050 822 6130 vivis,
1487 6051 1550 6130 hic
1565 6050 1662 6129 mihi
1680 6050 1940 6129 ministrabat.
1970 6048 2156 6141 l,Gloria
2182 6048 2290 6123 Patri.
