5325 7200
558 778 609 853 ἢ
1108 772 1180 847 iiie
1200 773 1262 868 vij.
1282 782 1320 850 ot
1341 771 1416 849 xiv.
1444 772 1675 853 Novembris

551 940 637 1020 ritis
655 940 890 1038 subsidium,
911 962 1031 1042 quam
1050 962 1123 1043 per
1140 938 1376 1019 obedientia

549 1046 815 1235 ffifflplllrlrmad
848 1047 998 1149 majora
1040 1046 1266 1150 provexisti.
1301 1048 1377 1127 Per

775 1384 832 1437 itii)
852 1386 911 1437 t'tt.
936 1386 1145 1440 uut'iittitttis'.

620 1470 1029 1556 Taansbarloms
1053 1474 1094 1555 S.
1115 1474 1296 1569 MAURi,

836 1604 978 1659 tuearis
996 1606 1031 1661 o.
1052 1606 1088 1659 a.

687 1679 890 1763 introitus.
908 1688 1001 1789 Sap.
1024 1692 1085 1767 ii.
1104 1690 1143 1790 i.
1163 1690 1225 1768 25.

554 1817 843 1883 Wssirnrsrr
874 1795 925 1892 ei,
952 1796 1136 1893 deine,
1174 1798 1279 1877 inter
1296 1798 1370 1879 ilu-

409 1945 416 1958 ·
554 1887 582 1984 ¹:⁹³2
704 1928 719 1992 a
742 1908 829 1983 etus
871 1903 1054 1982 semitam
1082 1904 1368 2003 firmissimam,

552 1848 720 2130 ρ’,ἐ
742 2010 958 2091 ostendens
995 2009 1186 2111 qudniam
1226 2022 1370 2115 potens

564 2126 715 2174 *³22-
742 2117 1363 2201 esexdmnibussaiubre.i'sainr.

540 2226 602 2298 itt.
623 2224 791 2304 (laniate
809 2226 982 2305 Domino
999 2224 1365 2327 canticumnovum:

541 2332 635 2433 quin
651 2330 850 2413 mirabilia
866 2332 971 2414 iecit.
993 2335 1031 2432 i.
1053 2332 1187 2415 Gloria
1205 2336 1325 2415 Patri.

869 2442 1019 2521 (natio.

543 2572 574 2741 l
613 2570 690 2645 nos,
726 2549 795 2651 qui
830 2549 992 2631 beatum
1017 2554 1201 2633 Maurum
1233 2554 1365 2633 abba-

577 2577 735 2755 )tem,
773 2660 825 2739 ad
858 2661 1095 2743 imitdndum
1126 2664 1362 2745 obedientie

538 2761 777 2867 exemplum,
813 2769 917 2849 sicco
951 2771 1054 2873 pede
1088 2796 1208 2874 super
1239 2796 1364 2874 aquas

538 2869 744 2952 ambulbre
760 2874 905 2955 fecisti:
926 2878 1114 2976 concede,
1130 2888 1173 2959 ut
1188 2888 1229 2960 et
1244 2880 1364 2960 virtri-

535 2982 620 3053 tum
634 2978 760 3081 ipsius
771 2982 938 3085 impiere
947 2984 1198 3084 documenta,
1213 2997 1253 3067 et
1265 3010 1364 3089 prm

535 3084 897 3170 midrumobtindre
909 3092 1110 3173 eonsdrtia
1121 3095 1359 3175 mereamur.

538 3192 614 3271 Per
626 3193 858 3277 Dominum.

660 3302 792 3383 Lectio
808 3305 991 3386 Jeremiae
1017 3300 1241 3410 Propbdtae.

776 3410 1120 3493 'i'irr·en.5.i.2d.
1178 3439 1183 3447 ·

531 3532 666 3704 Pras
700 3536 802 3614 mea,
840 3516 1059 3618 Dominus,
1091 3521 1191 3602 dixit
1224 3524 1358 3606 iuima

618 3642 722 3718 mea,
748 3624 961 3724 propterea
995 3629 1214 3728 expectibo
1247 3655 1353 3711 eum.

530 3724 666 3805 Bonus
699 3738 761 3808 est
793 3731 989 3812 Dominus
1029 3737 1282 3836 sperantibus
1314 3742 1355 3820 in

399 3908 403 3914 .
529 3856 635 3935 eum,
655 3834 798 3916 animae
823 3840 1015 3939 quaerenti
1039 3843 1166 3923 ilium.
1200 3846 1356 3928 Bonum

529 3951 590 4020 est
619 3943 842 4043 praestoiiri
874 3969 966 4024 oum
996 3949 1155 4030 silentio
1179 3953 1354 4036 salutbre

528 4048 615 4127 Dei.
636 4048 793 4131 Bonum
812 4061 872 4132 est
889 4055 974 4134 viro
997 4079 1121 4158 quum
1138 4061 1352 4162 portaverit

522 4156 663 4255 jugum
690 4157 741 4236 ab
776 4159 1041 4242 adolescentia
1073 4189 1158 4245 sua.
1192 4167 1355 4252 Sedebit

528 4263 729 4346 soiitdrius
754 4275 794 4346 et
817 4268 988 4348 tacebit:
1010 4272 1104 4373 quia
1121 4272 1262 4356 levavit
1287 4302 1353 4358 su-

525 4393 599 4474 per
624 4393 679 4451 se.

572 4483 781 4565 tiruduale.
806 4487 948 4570 Psalm.
965 4496 1023 4568 70.
1043 4491 1144 4588 itii.
1170 4494 1227 4570 aa.
1243 4494 1351 4574 Deus

525 4585 694 4668 dosuisti
713 4611 777 4669 me
789 4614 814 4670 a
823 4593 1028 4692 juventdte
1045 4616 1148 4694 mea,
1168 4605 1349 4702 eiusque

523 4716 630 4774 nuuc
663 4701 932 4798 pronuntiabo
965 4704 1163 4784 mirabilia
1197 4714 1278 4786 tua.
1306 4717 1343 4812 p.

523 4802 711 4906 Eiusque
729 4807 770 4884 in
784 4809 983 4890 senectam
1001 4820 1041 4892 et
1052 4813 1207 4894 senium
1223 4815 1344 4916 Deus,

522 4931 573 4990 ne
591 4910 844 5016 derelinquas
860 4939 938 4996 me.

569 5017 744 5115 alleluia,
773 5021 945 5104 alleluia.
963 5033 1004 5156 φ
1027 5033 1103 5112 iob
1123 5033 1182 5112 25.
1220 5037 1256 5134 ir.
1283 5043 1339 5114 ii.

520 5124 693 5226 vestigia
710 5126 871 5207 Domini
888 5140 1044 5214 secutus
1054 5141 1114 5215 est
1130 5160 1201 5238 pes
1216 5161 1343 5238 meas,

519 5230 723 5334 viamejus
737 5234 931 5318 custodivi
959 5249 999 5320 et
1033 5264 1114 5321 non
1150 5244 1344 5330 deelindvi

518 5360 566 5417 er
582 5361 642 5420 ea.
661 5339 842 5422 Alleluia.

517 5447 733 5548 sequentia
761 5450 887 5530 saneti
905 5449 1103 5553 Evangelii
1122 5457 1342 5540 secundum

709 5557 955 5638 Matthaeum.
972 5564 1070 5665 Cap.
1092 5571 1149 5646 tt.

516 5686 521 5692 ·
559 5659 669 5741 uilio
686 5663 891 5766 limpore:
922 5665 1182 5768 Respondeas
1201 5671 1342 5756 Petrus

587 5768 686 5848 dixit
714 5797 722 5846 :
752 5769 936 5869 Domine,
965 5774 1058 5854 situ
1084 5801 1139 5872 es,
1163 5779 1259 5878 jube
1276 5805 1341 5864 me

515 5873 650 5952 venire
666 5874 717 5953 ad
735 5887 773 5956 te
791 5901 912 5979 super
928 5902 1067 5982 aquas.
1086 5883 1236 5988 tuipse
1254 5889 1309 5969 ait
1328 5917 1337 5968 ε

517 5981 630 6060 Venia
643 5981 693 6060 Et
705 5982 950 6064 descendens
969 5988 1107 6070 Petrus
1118 5992 1168 6072 de
1186 5997 1341 6078 naaion·

516 6087 554 6168 la
570 6087 800 6171 ambulabat
818 6117 1113 6200 superaquam,
1133 6111 1176 6182 ut
1191 6105 1340 6186 veniret

1466 938 1516 1016 ad
1546 937 1697 1019 Jesum.
1725 936 1874 1019 Videas
1891 962 1983 1021 aero
2001 950 2161 1020 venium
2194 938 2297 1019 ibii-

1461 1047 1571 1145 dum,
1595 1048 1727 1129 timuit
1747 1076 1755 1126 :
1774 1056 1814 1127 et
1833 1044 1956 1149 quum
1983 1048 2169 1153 eoepisset
2186 1072 2295 1127 mer-

1459 1154 1512 1255 gi,
1531 1154 1716 1237 elambuit
1746 1155 1908 1234 dicens:
1932 1154 2116 1253 deine,
2137 1156 2294 1235 salvum

1459 1282 1523 1339 me
1540 1261 1613 1339 iao.
1636 1263 1685 1342 Et
1704 1260 1895 1341 continuo
1924 1262 2040 1343 lesus
2071 1262 2294 1343 extundens

1458 1390 1620 1447 uranum
1640 1367 1904 1471 apprehendit
1930 1392 2037 1465 eum,
2057 1378 2097 1449 et
2127 1370 2183 1449 ait
2201 1368 2258 1445 iiii
2278 1398 2288 1445 :

1456 1474 1622 1555 Modiam
1657 1475 1765 1572 iidei,
1802 1497 1926 1576 quare
1960 1475 2200 1555 dubitasti?
2239 1476 2292 1554 Et

1456 1603 1580 1682 quum
1598 1580 1843 1660 ascendisset
1860 1580 1901 1659 in
1916 1582 2137 1663 naviculam
2157 1582 2290 1661 cessa·

1455 1689 1508 1768 vit
1551 1698 1704 1768 ventus.
1752 1686 1831 1785 Qui
1867 1696 2000 1769 autem
2032 1690 2073 1767 in
2106 1690 2289 1771 nauicula

1455 1802 1582 1891 erant,
1602 1794 1807 1893 venerunt,
1842 1806 1880 1876 et
1902 1797 2168 1877 adorauerunt
2193 1820 2286 1878 eum

1455 1902 1631 1981 dieentes
1653 1930 1661 1981 ι
1683 1904 1783 1983 Vere
1803 1904 1832 1982 F
1834 1904 1927 1985 iiius
1941 1906 2014 1985 Dei
2030 1930 2086 1985 es.

1504 2008 1777 2091 Oil'ertorium.
1811 2013 1886 2095 iob
1906 2018 1964 2091 bi.
1989 2016 2024 2111 it.
2049 2022 2082 2093 i.
2107 2017 2198 2095 Non
2215 2012 2285 2091 de·

1451 2116 1610 2197 elindvit
1636 2141 1793 2219 gressus
1825 2142 1938 2199 meus
1965 2120 2017 2199 de
2031 2121 2110 2217 uia,
2132 2143 2206 2199 nec
2224 2144 2284 2198 se·

1452 2223 1588 2305 edium
1606 2235 1664 2305 est
1693 2224 1831 2305 deuios
1849 2248 1961 2307 meos
1983 2248 2222 2321 cormeum,
2243 2238 2282 2305 et

1450 2330 1636 2410 minibus
1655 2330 1755 2411 meis
1774 2354 1856 2411 non
1882 2332 2051 2413 adhaesit
2080 2332 2251 2413 micula.

1779 2442 1949 2521 Secreta.

1537 2569 1651 2625 unani
1678 2554 1814 2627 nostra
1832 2547 1885 2627 ad
1902 2546 2035 2627 Altbre
2051 2554 2165 2627 tunm
2184 2547 2277 2627 uite-

1447 2571 1529 2745 Μ
1562 2654 1708 2753 rentes,
1737 2655 1920 2755 deine,
1941 2656 2175 2757 suppliciter
2187 2680 2277 2735 exo-

1449 2762 1601 2859 rimuS,
1632 2770 1677 2841 ut
1711 2762 1892 2865 extmplo
1928 2762 2033 2843 beati
2052 2762 2182 2841 biauri
2200 2762 2276 2839 nb

1448 2867 1551 2949 batis
1586 2888 1747 2947 earnem
1781 2879 1958 2950 nostram
1990 2893 2081 2950 eum
2100 2870 2206 2950 vitiis
2239 2882 2276 2951 et

1447 2972 1779 3077 concupiscentiis
1813 2978 2104 3079 crucifigentes,
2126 2976 2272 3058 Christi

1448 3103 1539 3161 eum
1567 3082 1657 3184 ipso
1684 3083 1912 3165 oobaerddes
1943 3082 2175 3163 efficiamur.
2196 3086 2272 3185 Qui

1447 3199 1592 3271 tecum.

1496 3302 1746 3381 iiomrnuniu.
1796 3302 1903 3383 isaim
1940 3308 1997 3381 tu.
2040 3306 2075 3383 i.
2120 3310 2174 3381 ii.
2202 3298 2268 3381 itt·

1374 3449 1381 3461 ·
1446 3404 1579 3506 quiem
1596 3406 1669 3487 tibi
1687 3405 1799 3487 dabit
1824 3406 2021 3487 Dominus
2050 3428 2211 3508 semper
2233 3418 2270 3487 et

1445 3512 1627 3616 implebit
1653 3514 1935 3618 splendoribus
1952 3514 2129 3593 inimum
2150 3524 2265 3606 tuam,

1445 3620 1580 3700 eteris
1600 3621 1712 3734 quasi
1739 3623 1880 3704 hortus
1907 3622 2080 3724 irriguus
2098 3629 2138 3702 et
2172 3623 2269 3702 siout

1444 3729 1532 3808 fons
1575 3731 1769 3832 aquarum
1813 3733 1925 3834 cujus
1968 3751 2048 3810 non
2083 3727 2266 3808 deiicient

1443 3857 1569 3939 aqum.

1682 3949 2021 4034 l’ostonmmunioi

1512 4073 1651 4130 narrosr
1686 4051 1876 4156 Corporis
1905 4059 1945 4132 ot
1979 4049 2261 4153 §inguinisnn

1545 4159 1801 4240 Sacramento
1846 4157 2022 4238 munitos
2064 4156 2260 4236 absudnde

1440 4285 1526 4362 nos,
1540 4264 1722 4362 Domine,
1733 4265 1774 4342 in
1792 4264 2026 4346 abscondito
2042 4265 2156 4344 incidi
2172 4275 2256 4360 tua,
2406 4335 2407 4365 ι

1437 4380 1481 4452 ut
1514 4371 1619 4452 beati
1652 4373 1780 4452 Mauri
1813 4372 1977 4452 Abbbtis
2004 4372 2180 4474 vestigiis
2203 4371 2257 4448 in·
2405 4435 2406 4461 p

1438 4479 1646 4576 haerentes,
1666 4479 1864 4558 mirabilia
1882 4479 1932 4559 de
1950 4479 2034 4583 lege
2052 4489 2121 4560 tua
2139 4479 2255 4558 medi·

1436 4585 1567 4665 tbmur
1584 4587 1756 4666 interris
1773 4588 1901 4668 donee
1920 4587 2101 4668 ubertbte
2118 4587 2254 4668 domus
2403 4597 2404 4651 t

1435 4693 2251 4794 mmwmffimwffl

1435 4799 1538 4882 vivit.

1654 5059 1710 5112 nra
1730 5061 1798 5112 arv.
1817 5061 2024 5117 aorannnis.

1480 5143 1520 5221 S.
1542 5140 1765 5239 VlTONlS,
1786 5141 1946 5223 EPiSC.
1969 5143 2034 5222 ET
2052 5141 2199 5223 coni.
2396 5235 2397 5238 Ν

1476 5252 1609 5350 biissa,
1650 5249 1897 5345 Sacerdotes,
1942 5254 1991 5332 de
2036 5255 2236 5334 Communi
2394 5241 2397 5317 i

1425 5355 1536 5436 Coni.
1564 5358 1675 5438 Poni.
1696 5371 1838 5460 praeter
1853 5357 2086 5440 Orationem
2108 5385 2186 5464 seq,

1758 5467 1908 5548 Oratio.

1423 5595 1542 5768 Pan
1560 5569 1735 5698 siddium
1753 5569 1959 5694 cbaritbtis
1976 5594 2058 5700 non
2077 5571 2186 5694 iiptu,
2205 5575 2237 5646 et

1513 5687 1835 5760 intercessionem
1855 5676 1961 5757 bedu
1979 5679 2131 5760 taonis
2148 5680 2235 5758 Poa-

1425 5785 1537 5866 iiiiuis
1556 5785 1627 5884 tui,
1648 5785 1773 5881 tuere,
1794 5807 2037 5886 quaesumus,
2059 5784 2231 5876 deine,
2390 5835 2391 5889 p

1422 5891 1613 5972 familiam
1632 5901 1767 5986 tuum;
1788 5903 1827 5972 et
1842 5915 1912 5994 per
1925 5893 2148 5974 dilectidnis
2160 5889 2231 5970 sin·

1422 6000 1555 6080 culum
1585 5999 1858 6103 spiritublibus
1884 6001 2035 6082 instrue
2069 5995 2229 6104 discipti-

1423 6110 1496 6190 nis.
1520 6111 1595 6190 Per
1612 6111 1861 6192 Dominum.-
