5325 7200
1059 943 1265 1016 Dominica
1285 941 1322 1033 ij.
1342 957 1427 1038 post
1447 942 1607 1016 Pascha.
2143 935 2163 1008 3
2241 1032 2244 1036 A

546 1111 812 1186 offertorium,
844 1109 950 1184 leniae
973 1135 1022 1204 tq,
1048 1099 1298 1192 iognoscetur
1350 1094 1398 1174 sit
1417 1095 1604 1178 deminus
1620 1095 1801 1178 emnium
1822 1125 1829 1170 :
1853 1095 1923 1182 sed
1941 1097 2016 1186 sub
2034 1096 2166 1179 tutdni·

488 1192 685 1269 deinus
710 1195 760 1268 ab
788 1196 974 1295 AEgypt0,
1007 1209 1043 1270 et
1069 1197 1298 1290 cognescent
1352 1196 1425 1270 bus
1449 1212 1486 1270 et
1512 1194 1710 1271 acteribus
1738 1210 1794 1270 est
1814 1220 1939 1293 usque
1967 1194 2020 1286 ad
2040 1196 2165 1294 Plaefi·

483 1291 657 1393 AEgyptii
687 1291 905 1373 Delminum
934 1291 1054 1370 indie
1078 1290 1157 1395 illa,
1181 1309 1219 1370 et
1235 1316 1297 1372 co·
1349 1299 1478 1373 nitum
1503 1310 1839 1394 tempusapatre;
1860 1293 1913 1368 ita
1930 1309 1967 1368 et
1986 1319 2056 1369 nos
2071 1317 2163 1369 cum

485 1393 564 1468 lent
581 1413 674 1466 eum
694 1390 737 1468 in
754 1390 902 1480 hestiis,
924 1408 960 1468 et
978 1391 1018 1466 in
1039 1391 1294 1472 muneribus:
1349 1399 1525 1472 essemus
1541 1392 1709 1493 pervidi,
1724 1394 1799 1476 sub
1811 1391 2011 1479 elementis
2024 1391 2162 1488 mundi

483 1507 519 1568 et
544 1505 635 1566 vota
653 1491 853 1566 vovebunt
873 1490 1060 1580 Domino
1082 1505 1118 1568 et
1132 1493 1294 1568 solvent.
1349 1497 1507 1570 eremus
1521 1492 1742 1576 servientes.
1763 1496 1812 1580 At
1830 1491 1900 1580 ubi
1917 1490 2022 1574 venit
2041 1490 2163 1592 pleni·

815 1609 980 1678 Seereta.
1350 1591 1447 1667 tudo
1469 1590 1671 1690 temporis,
1720 1589 1825 1668 misit
1862 1593 1970 1675 Deus
2016 1590 2162 1684 Filium

549 1686 1298 1777 aunistibi,deine,hdstiasinnmola·
1351 1715 1468 1779 suum
1488 1690 1633 1766 iactum
1650 1715 1697 1764 ex
1714 1691 1892 1777 muliere,
1913 1689 2060 1764 iactum
2088 1691 2162 1764 sub

492 1717 1219 1900 Lmussupplieiterdeprecdmeszut
1229 1789 1297 1890 qui
1350 1789 1444 1888 lege,
1470 1806 1610 1878 utens,
1631 1787 1700 1888 qui
1723 1789 1798 1864 sub
1816 1789 1900 1886 lege
1917 1804 2038 1876 erant,
2060 1787 2162 1862 redi-

483 1909 574 1998 eum
606 1886 829 1964 beatissima
857 1890 983 1964 Matre
997 1889 1154 1988 Virgine
1170 1893 1298 1966 Maria
1351 1905 1485 1976 neret,
1504 1905 1548 1966 ut
1565 1885 1819 1999 adoptionem
1834 1885 2164 1985 filiorumrecipe-

485 2010 525 2060 m
559 1986 776 2085 AEgyptum
810 1989 918 2062 exsul
952 1987 1093 2076 deferri
1122 1987 1294 2076 voluisti,
1349 1993 1493 2063 remus.
1516 1989 1719 2082 Quoniam
1728 2002 1859 2071 aulem
1873 1984 1965 2062 estis
1982 1984 2067 2074 lilii,
2088 1984 2160 2074 mi·

484 2085 636 2158 exsules
663 2109 747 2172 nos,
782 2085 921 2162 eadem
948 2087 1106 2186 Virgine
1139 2087 1297 2164 interce·
1350 2085 1398 2161 sit
1430 2088 1538 2161 Deus
1573 2083 1766 2185 Spiritum
1795 2082 1884 2168 Filii
1904 2082 1963 2169 sui
1983 2083 2022 2163 in
2042 2083 2160 2174 eorda

483 2182 610 2270 dente,
641 2181 690 2258 ad
708 2185 903 2260 coelestem
922 2185 1088 2282 patriam
1109 2188 1298 2284 benignus
1348 2201 1476 2261 vestra
1509 2187 1770 2261 clamantem:
1792 2183 1918 2270 Abba,
1938 2185 2064 2257 Pater.
2088 2185 2159 2257 lta·

483 2280 685 2380 perducas.
704 2281 784 2376 Qui
807 2281 921 2359 vivis.
1377 2309 1426 2359 ue
1461 2286 1538 2359 'am
1569 2297 1729 2358 nonest
1758 2305 1907 2368 servus,
1936 2280 2003 2356 sed
2039 2280 2157 2355 iilius.

538 2393 717 2467 Praeiatio
739 2395 784 2467 de
805 2395 1017 2468 Nativitate
1042 2395 1213 2468 Domini.
1390 2310 1470 2458 uod
1484 2383 1516 2457 si
1534 2381 1653 2488 filius,
1672 2397 1709 2456 et
1728 2382 1850 2492 haeres
1867 2402 1936 2477 per
1956 2381 2097 2454 Deum.
2122 2477 2129 2491 .
2151 2477 2158 2491 .

536 2493 789 2566 Communia.
829 2495 966 2566 lllottlr.
1008 2519 1040 2566 a.
1078 2497 1122 2566 llt
1143 2503 1224 2562 erat
1244 2485 1297 2562 ibi
1403 2481 1581 2569 Alleluia,
1624 2481 1793 2554 alleltita.
1835 2487 1874 2568 l,
1907 2479 2054 2576 Joseph
2086 2479 2160 2553 Frlr

482 2576 672 2677 usquead
693 2579 845 2655 dbitum
885 2581 1056 2659 Herodis
1081 2614 1087 2660 :
1112 2584 1297 2664 utadim·
1351 2579 1493 2669 David,
1526 2579 1604 2656 noli
1625 2577 1760 2654 timere
1790 2581 1963 2674 accipere
1991 2577 2162 2652 Mariam

482 2678 653 2776 pleretur
691 2678 799 2777 quod
831 2676 980 2757 dictum
1002 2699 1101 2760 esta
1125 2684 1298 2760 Demino
1349 2682 1553 2780 conjugem
1572 2695 1701 2764 tuam,
1721 2675 1829 2788 quod
1849 2673 1955 2749 enim
1972 2675 2013 2749 in
2030 2699 2075 2749 ea
2094 2699 2162 2750 na·

482 2799 550 2874 per
571 2776 807 2874 Prophetam
819 2776 1032 2856 dicentem:
1056 2784 1113 2858 Ex
1127 2785 1298 2884 AEgypto
1349 2796 1434 2855 tum
1465 2795 1535 2866 est,
1568 2778 1616 2853 de
1636 2778 1783 2875 Spiritu
1802 2775 1945 2848 Sancto
1964 2789 2032 2848 est.
2061 2775 2160 2848 Alle-

483 2873 619 2950 vocetvi
640 2875 785 2951 Filium
805 2899 953 2954 meum.
1352 2877 1446 2956 luia.
1480 2883 1518 2964 l.
1540 2876 1606 2953 Sic
1626 2877 1733 2950 Deus
1750 2870 1882 2948 dilexit
1905 2872 2099 2947 mundum
2119 2888 2161 2948 ut

725 2987 1055 3062 Postununumio.
1353 2975 1498 3052 Filium
1536 2999 1654 3050 suum
1679 2970 1934 3070 Unigenitum
1964 2970 2085 3058 daret,
2119 2988 2161 3047 ut

544 3093 695 3149 Andrus
730 3075 908 3152 sensibus
938 3078 1297 3180 nostris,·0mnipo-
1351 3076 1521 3150 salvetur
1568 3073 1742 3148 mundus
1781 3093 1851 3169 per
1882 3068 2027 3168 ipsum.
2064 3071 2164 3145 Alle-

485 3097 541 3264 L
575 3189 659 3248 tens
694 3175 800 3248 Deus
832 3193 910 3251 :ut
940 3201 1008 3276 per
1042 3182 1296 3278 temporalem
1352 3172 1444 3248 litia.

485 3269 573 3347 Filii
592 3271 647 3346 tui
674 3273 837 3371 Fugam,
856 3298 976 3374 quam
994 3275 1177 3376 mysteria
1188 3303 1299 3354 vene·
1348 3271 1399 3373 ᾖ
1423 3271 1634 3370 sequentia
1666 3269 1787 3345 sancti
1808 3264 2010 3363 Evangelii
2029 3270 2164 3339 sectiu-

481 3369 603 3445 randa
617 3376 817 3461 testantur,
829 3372 950 3449 vitam
962 3390 998 3449 te
1014 3374 1127 3450 nobis
1144 3376 1297 3452 dedisse
1525 3371 1622 3445 dum
1639 3369 1802 3444 Lucam.
1831 3380 1925 3474 Cap.
1950 3403 1982 3450 2.

482 3475 710 3643 Berpetuam
729 3471 989 3546 confidamus.
1014 3475 1089 3547 Per
1111 3475 1296 3552 eumdem
1439 3497 1500 3552 ull
1540 3478 1666 3552 factus
1700 3495 1798 3552 esset
1832 3483 1948 3555 lesus
1975 3477 2169 3547 annorum
2265 3530 2269 3538 .

520 3571 712 3644 emmam.
1454 3573 1681 3664 duedecim,
1702 3575 2003 3654 ascendentibus
2019 3569 2095 3646 illis
2107 3573 2127 3647 J
2132 3595 2169 3646 e·

715 3722 940 3733 —-—--
957 3726 1056 3733 —-
1351 3678 1589 3775 rosdlymam
1608 3670 2169 3753 secundumconsuetudinem

599 3806 798 3865 uolumen
826 3812 863 3866 u.
891 3814 991 3867 rust
1016 3812 1189 3866 vasella,
1349 3783 1428 3860 diei
1473 3782 1572 3871 festi,
1613 3789 1977 3881 consummatisque
2010 3778 2166 3867 diebus,

795 3899 835 3953 lu
862 3898 992 3957 FESTO
1349 3907 1441 3959 cum
1474 3882 1643 3957 redirent
1663 3882 1848 3957 remansit
1868 3904 1967 3981 puer
1996 3882 2112 3954 lesus
2130 3879 2171 3953 in

481 3979 550 4053 SS.
607 3980 856 4056 FAMILIAE
894 3980 1038 4069 JESU‚
1083 3981 1294 4066 MARlAE‚
1348 3982 1582 4067 Jerusalem,
1604 3996 1640 4054 et
1657 4004 1735 4054 non
1755 3986 2020 4079 cognoverunt
2039 3982 2173 4076 paren·

796 4097 965 4155 JOSEPH.
1349 4097 1406 4156 tes
1443 4082 1539 4177 ejus.
1576 4078 1852 4155 Existimemtes
1888 4095 2020 4154 autem
2054 4075 2165 4151 illum

752 4246 755 4251 .
788 4190 980 4261 lntroitus.
1349 4203 1434 4253 esse
1456 4178 1495 4252 in
1529 4176 1732 4263 comittitu,
1754 4183 1944 4252 venerunt
1973 4175 2043 4249 iter
2071 4174 2162 4262 diei,

536 4311 576 4378 ’ω
595 4315 618 4342 a
662 4292 891 4349 AUDEAMUS
908 4275 1293 4361 omnesinDomi110‚
1350 4294 1386 4351 et
1405 4275 1655 4373 requirebant
1678 4298 1770 4349 eum
1790 4275 1889 4349 inter
1911 4278 2107 4368 cognatos,
2128 4288 2165 4345 et

497 4387 501 4392 ’
542 4381 593 4439 nit
624 4387 645 4462 J
678 4372 783 4447 diem
803 4372 944 4447 lestum
969 4372 1297 4447 celebrentessub
1350 4390 1475 4448 notos.
1512 4374 1561 4447 Et
1595 4396 1675 4446 non
1710 4370 1962 4457 invenientes
2005 4369 2164 4466 regressi

495 4469 643 4557 „qt-g
678 4472 825 4546 honore
860 4472 987 4546 Sacrae
1023 4469 1219 4558 Familiae;
1249 4468 1297 4544 de
1349 4486 1439 4546 sunt
1466 4470 1505 4545 in
1534 4472 1764 4557 Jerusalem,
1795 4469 2032 4568 requirentes
2055 4493 2161 4544 eum.

623 4609 631 4640 z
680 4571 794 4668 cujus
848 4568 1090 4645 solemnitate
1129 4568 1297 4666 gaudent
1354 4572 1402 4645 Et
1428 4570 1574 4644 iactum
1599 4585 1668 4656 est,
1700 4586 1787 4667 post
1813 4567 1989 4643 triduum
2010 4565 2164 4641 invene·

482 4665 631 4763 Angeli,
653 4684 689 4743 et
702 4667 924 4744 collaudant
944 4666 1090 4743 Filium
1103 4666 1296 4755 Dei‚alle-
1350 4684 1440 4743 runt
1474 4667 1588 4741 illum
1622 4666 1661 4741 in
1690 4669 1851 4768 templa,
1887 4665 2086 4741 sedentem
2125 4664 2165 4739 in

483 4763 575 4849 luia,
619 4766 787 4843 alleluia.
829 4780 890 4849 Ps.
921 4771 1209 4851 convertentur
1247 4764 1296 4841 ad
1350 4766 1481 4842 medio
1507 4766 1725 4854 doctdrum
1752 4765 1977 4841 audientem
2007 4762 2108 4851 illos,
2129 4781 2165 4838 et

487 4863 704 4940 deinum
720 4863 892 4941 universi
905 4865 1005 4941 fines
1017 4863 1299 4953 terrae;etado
1350 4866 1647 4963 interrogantem
1675 4890 1754 4939 eos.
1786 4865 2003 4975 Stupebant
2032 4879 2165 4937 autem
2194 4924 2199 4936 .

485 4963 625 5037 tabunt
668 4962 707 5039 in
745 4968 956 5063 conspectu
993 4965 1076 5062 ejus
1106 4963 1298 5039 universae
1350 4988 1500 5052 omnes,
1540 4962 1608 5063 qui
1655 4987 1746 5037 eum
1783 4962 2008 5048 audiebant,
2045 4984 2166 5058 super

483 5059 639 5137 familiae
657 5061 844 5161 gentium.
867 5070 905 5153 l,
933 5060 1067 5139 Gloria
1086 5062 1205 5138 Patri.
1350 5061 1572 5163 prudentia,
1609 5078 1646 5136 et
1673 5060 1870 5160 responsis
1900 5062 1996 5158 ejus.
2032 5060 2081 5135 Et
2108 5059 2162 5133 vi·

814 5172 960 5245 Orntio.
1350 5162 1483 5239 dentes
1514 5160 1695 5236 admirati
1714 5176 1816 5235 sunt.
1845 5162 1894 5235 Et
1921 5158 2017 5234 dixit
2039 5175 2162 5233 mater

570 5278 661 5344 eus,
687 5258 756 5359 qui
784 5258 919 5334 salutis
936 5264 1086 5335 aeternae
1118 5284 1188 5357 per
1205 5262 1299 5335 San·
1350 5262 1433 5372 ejus
1451 5260 1502 5335 ad
1519 5258 1632 5334 illum
1652 5289 1661 5335 :
1683 5258 1770 5355 Fili,
1791 5257 1887 5359 quid
1908 5256 2029 5333 fecisti
2048 5254 2161 5331 nobis

482 5280 558 5447 D
594 5357 810 5434 ctissimam
847 5356 1055 5433 Familiam
1082 5360 1189 5445 lesu,
1213 5360 1298 5434 Ma·
1350 5365 1430 5435 srcl
1459 5360 1557 5435 Ecce
1583 5374 1690 5458 pater
1715 5374 1820 5447 tuus,
1850 5374 1887 5433 et
1902 5380 1971 5455 ego
1989 5355 2162 5432 dolentes

486 5460 564 5546 ria,
593 5458 753 5569 loseph,
786 5458 961 5532 humano
980 5455 1109 5554 generi
1137 5457 1299 5556 praemia
1349 5459 1623 5559 quaerebemus
1634 5472 1684 5533 te.
1710 5457 1759 5532 Et
1774 5454 1827 5532 ait
1845 5456 1895 5533 ad
1914 5456 1999 5531 illos
2024 5452 2162 5548 :Quid

485 5554 712 5655 praestitist1;
747 5556 887 5644 tribue,
927 5578 1169 5653 quaesumus,
1198 5572 1241 5632 ut
1260 5556 1299 5632 in
1350 5574 1419 5646 est,
1448 5556 1555 5656 quod
1585 5580 1648 5631 me
1677 5554 1932 5655 quaerebaitisl
1954 5551 2162 5629 Nescieba-

485 5676 565 5752 qua
579 5650 668 5730 vitae
681 5656 879 5729 auctorem
894 5652 1008 5729 nobis
1023 5652 1191 5730 similem
1207 5654 1300 5730 loris
1353 5654 1415 5745 tis,
1437 5654 1530 5755 quia
1550 5653 1590 5729 in
1609 5654 1683 5743 his,
1705 5678 1793 5753 quae
1810 5653 1937 5729 Patris
1953 5650 2031 5727 mei
2056 5667 2159 5739 sunt,

486 5750 732 5850 agndvimus,
747 5775 823 5925 1qer
853 5776 940 5827 eam
959 5750 1063 5827 intus
1097 5753 1300 5829 reformari
1352 5758 1502 5855 opdrtet
1520 5777 1582 5829 me
1600 5758 1702 5828 esset
1723 5754 1772 5827 Et
1790 5752 1864 5852 ipsi
1881 5777 1958 5830 non
1976 5750 2164 5826 intellexe-

486 5852 720 5926 mereaimur.
780 5874 823 5925 er
839 5850 1024 5927 eumdem
1041 5852 1272 5929 Dominum.
1353 5870 1443 5929 runt
1459 5854 1639 5940 verbum,
1656 5850 1762 5951 quod
1776 5852 1927 5927 locutus
1945 5866 2001 5925 est
2018 5848 2067 5924 ad
2079 5873 2158 5925 eos.

480 5947 831 6049 Lectio'Epistolae
859 5948 959 6024 beati
995 5948 1106 6025 Pauli
1125 5950 1299 6051 Apdstoli
1355 5955 1403 6029 Et
1421 5950 1618 6028 descendit
1635 5974 1727 6025 cum
1745 5949 1813 6038 eis,
1836 5967 1872 6025 et
1900 5947 2005 6024 venit
2035 5950 2162 6025 Neza-

687 6046 739 6123 ad
757 6048 1036 6171 Gelatas.Cap.
1058 6086 1095 6153 4.
1353 6052 1463 6127 reth:
1487 6067 1523 6125 et
1545 6066 1626 6125 erat
1656 6048 1836 6124 subditus
1855 6048 1942 6123 illis.
1976 6048 2024 6123 Et
2040 6064 2163 6122 mater

551 6164 721 6234 RATRES,
766 6146 925 6241 Quanto
969 6164 1143 6247 tempore
1181 6150 1302 6223 haeres
1356 6153 1441 6249 ejus
1459 6150 1712 6225 conservebat
1728 6147 1862 6223 omnia
1879 6148 1999 6223 verba
2029 6148 2110 6220 haec
2126 6145 2166 6219 in

478 6168 1301 6347 Fpervulusestnihildiifertaservo,cum
1358 6249 1474 6327 corde
1492 6273 1577 6323 suo.
1599 6250 1647 6323 Et
1660 6249 1680 6323 J
1685 6271 1775 6322 esus
1789 6246 2016 6347 proficiebat
2025 6244 2173 6343 sapien-
