5325 7200
627 952 697 1027 26*
1043 956 1172 1027 llissae
1199 955 1361 1052 propriae
1391 956 1569 1041 Ecclesiae
1599 957 1859 1031 Carnutensis

678 1088 714 1161 Si
728 1089 937 1161 celebretur
950 1103 1037 1183 pent
1054 1087 1304 1158 Pentecosten
1325 1116 1332 1155 :
1480 1088 1619 1165 merita
1647 1088 1877 1183 recolimus,
1902 1087 2116 1188 patrocinia
2147 1086 2290 1165 sentia·
2363 1075 2366 1102 “

676 1194 881 1269 Grndunle.
918 1194 1002 1265 Act.
1031 1195 1091 1264 ao.
1120 1197 1164 1271 ln
1192 1197 1335 1272 Gentes
1354 1216 1424 1292 ego
1480 1218 1581 1273 mus.
1599 1197 1671 1275 Per
1687 1194 1916 1274 Dominum.
2362 1267 2365 1288 ,

627 1301 738 1378 mitto
762 1316 814 1395 te,
847 1307 995 1401 aperire
1029 1301 1165 1377 oculos
1200 1309 1351 1393 eorum,
1384 1314 1426 1375 ut
1532 1300 1778 1376 communio.
1803 1302 1885 1377 Aci.
1915 1337 1948 1399 p.
1975 1298 2152 1377 Ecclesia
2168 1298 2289 1381 aedifi·
2362 1295 2365 1322 ¹

627 1416 905 1487 convertantur
925 1433 948 1483 a
971 1405 1137 1489 tenebris
1164 1407 1215 1485 ad
1236 1408 1426 1499 lucem&
1479 1408 1650 1501 cabatur,
1672 1407 1876 1485 ambulans
1893 1406 1931 1485 in
1951 1405 2089 1483 timore
2108 1406 2284 1501 Domini,
2361 1461 2364 1486 .

627 1515 676 1593 de
694 1522 882 1614 potestate
907 1516 1057 1593 Satanae
1079 1512 1131 1595 ad
1152 1517 1292 1593 Deutn.
1316 1518 1356 1607 ς’.
1380 1515 1427 1593 Ut
1480 1519 1513 1593 δι
1537 1513 1807 1593 consolatione
1830 1514 1956 1595 Saneli
1981 1513 2144 1613 Spiritus
2165 1516 2289 1614 reple·
2361 1537 2363 1582 t

627 1620 816 1721 accipiant
850 1619 1119 1699 remissionem
1149 1627 1422 1721 peccatorum,
1480 1622 1603 1701 betur.
1624 1624 1692 1720 (Τ.
1714 1628 1756 1697 Ρ.
1779 1621 1973 1721 Alleloja.)

626 1731 819 1804 &sortem
834 1725 933 1803 inter
946 1728 1113 1822 saneim,
1125 1752 1194 1827 per
1206 1728 1325 1805 iidem
1340 1750 1426 1826 quac
1715 1728 2046 1805 postcommunio.

626 1833 747 1911 estin
767 1858 844 1909 me.
869 1836 1233 1933 Alleloja,alleli1ja.
1256 1836 1293 1925 l·
1327 1831 1423 1905 lbid.
1553 1859 1599 1907 an
1631 1835 1747 1933 hujus
1784 1833 2049 1933 operationem
2087 1832 2284 1933 mysterii,

626 1941 781 2018 Auxilio
796 1940 949 2041 adjutus
974 1940 1064 2035 Dei,
1086 1941 1261 2038 gentibus
1282 1964 1426 2015 annun·
1578 1940 1760 2035 Domine,
1796 1940 1986 2019 confirma
2010 1965 2082 2016 nos
2114 1940 2286 2015 famulos
2358 1929 2361 2038 J

628 2048 797 2141 tiabam,
830 2062 873 2121 ut
900 2047 1164 2146 poenitentiam
1195 2056 1362 2146 agerent,
1394 2048 1427 2121 81
1480 2060 1566 2125 tuos
1588 2046 1628 2127 in
1647 2046 1725 2125 fide
1747 2046 1938 2125 veritatis:
1960 2062 2002 2123 ut
2025 2070 2112 2125 eam
2134 2049 2282 2145 ubique

633 2160 948 2233 converterentur
972 2153 1022 2231 ad
1043 2156 1183 2245 Deum,
1212 2153 1326 2251 digna
1342 2177 1427 2252 poe·
1480 2176 1547 2228 ore
1571 2157 1743 2254 &opere
1771 2152 2048 2247 confiteamur;
2071 2178 2139 2253 per
2162 2176 2284 2252 quam

627 2260 795 2337 nitentia
811 2268 928 2360 opera
946 2259 1141 2338 iacientes.
1154 2260 1330 2359 Alleluia.
1480 2258 1671 2357 gloriosus
1690 2260 1840 2359 Martyr
1866 2260 2083 2353 Caraunus,
2100 2285 2175 2362 pro
2195 2260 2285 2339 Uni-

625 2366 675 2461 ᾧ
698 2366 905 2467 Sequentia
927 2365 1047 2445 seneli
1069 2364 1266 2465 Evangelii
1289 2372 1425 2443 secon—
1480 2366 1605 2465 genito
1626 2382 1694 2445 tuo
1709 2371 1828 2465 &pro
1845 2366 1957 2447 nobis
1975 2367 2146 2447 animam
2168 2390 2283 2445 suam

757 2473 853 2552 dum
866 2474 1073 2553 loannem.
1089 2473 1204 2543 loon·
1236 2473 1290 2541 15.
1480 2473 1619 2571 posuit.
1639 2476 1713 2551 Per
1727 2472 1954 2555 Dominum.
2362 2565 2365 2578 Ι

676 2580 980 2679 uiliorempore:
996 2578 1098 2657 Dixit
1108 2577 1425 2677 Jesusdiscipulis
1530 2591 1585 2660 De
1610 2588 1646 2659 S.
1669 2588 1876 2661 Germano
1900 2582 2232 2661 Postcommunio.
2361 2619 2365 2666 r

628 2602 676 2771 I
691 2687 893 2763 suis:lloc
907 2701 965 2761 est
975 2694 1210 2788 praeceptum
1225 2710 1370 2778 meum,
1384 2700 1427 2761 ut
1554 2712 1703 2781 RAESTA,
1743 2711 1991 2787 quaesumus,
2033 2694 2282 2787 omnipotens
2361 2735 2364 2790 ᾗ

627 2794 790 2893 diligatis
803 2792 985 2885 invicem,
1002 2792 1100 2869 sicut
1113 2792 1226 2871 dilexi
1240 2817 1327 2869 vos.
1345 2794 1428 2867 Ma·
1566 2796 1671 2873 Deus
1694 2808 1761 2871 :ut
1784 2794 1832 2873 de
1848 2795 2035 2895 perceptis
2055 2792 2282 2872 muneribus
2360 2821 2363 2868 ι

627 2904 751 3003 jorem
764 2902 837 2976 hac
853 2899 1096 2981 dileetionem
1110 2924 1227 2977 nemo
1239 2900 1368 2993 habet,
1385 2913 1427 2973 ut
1480 2899 1619 2998 gratias
1632 2899 1878 2995 exhibentes;
1896 2901 2154 2981 intercedente
2168 2904 2283 2981 beato
2361 2913 2363 3018 Ι

627 3007 799 3086 animam
819 3030 930 3084 suam
948 3023 1068 3106 ponat
1086 3007 1173 3106 quis
1194 3031 1265 3106 pro
1289 3004 1425 3082 amicis
1481 3008 1680 3085 Germano
1696 3007 1927 3086 Confessore
1945 3024 2012 3088 tuo
2026 3024 2142 3110 atque
2155 3009 2284 3085 Ponti·
2360 3033 2362 3048 ¹

629 3114 723 3191 suis.
744 3116 825 3192 Vos
845 3112 959 3187 amici
981 3111 1058 3189 mei
1080 3112 1184 3206 estis,
1208 3111 1240 3187 si
1262 3109 1425 3187 feceritis
1480 3114 1567 3207 fica,
1589 3112 1777 3193 beneficia
1790 3115 1940 3214 potiora
1957 3124 2171 3197 sumamus.
2195 3118 2278 3191 Per.
2360 3183 2363 3196 .

629 3244 717 3320 quae
734 3243 806 3317 ego
819 3218 1001 3319 praecipio
1019 3218 1145 3297 vobis.
1160 3219 1247 3294 Jam
1268 3240 1347 3296 non
1368 3217 1424 3293 di·
1480 3228 2275 3243 m*—

628 3350 717 3405 cam
740 3349 814 3401 vos
840 3348 1001 3401 servos:
1029 3324 1120 3424 quia
1144 3348 1279 3400 servus
1306 3323 1427 3403 nescit
1761 3306 1838 3372 DIE
1862 3308 1994 3377 xxix·

628 3432 723 3535 quid
739 3430 854 3507 iaciat
874 3430 1055 3508 dominus
1076 3433 1172 3531 ejus.
1199 3431 1279 3507 Vos
1296 3446 1425 3507 autem
1788 3423 1822 3468 ¹⁸
1853 3420 1968 3468 ‘'EST‘’

628 3539 707 3620 dixi
725 3545 895 3617 amicos:
912 3536 1003 3638 quia
1022 3536 1153 3613 omnia
1170 3544 1426 3636 quaecirmque
1465 3613 1469 3624 ,
1585 3530 1672 3605 ‘SS.
1711 3530 1918 3607 MARIAE
1951 3530 1972 3606 J
1980 3531 2156 3606 ACOBl

632 3647 763 3724 audivi
787 3671 810 3724 a
834 3648 946 3722 Patre
965 3669 1070 3738 meo,
1091 3660 1182 3720 nota
1204 3643 1276 3718 leci
1297 3643 1423 3720 vobis.
1654 3652 1712 3714 ET
1735 3651 1895 3716 MARIAE
1920 3653 2104 3716 SALOME

628 3757 722 3832 Non
746 3776 820 3831 vos
844 3775 907 3826 me
932 3749 1094 3848 elegistis
1102 3776 1114 3842 ;
1136 3748 1205 3824 sed
1231 3773 1302 3847 ego
1332 3748 1426 3848 elegi
1775 3771 1985 3818 criminun.

627 3885 715 3953 vos,
744 3856 905 3957 &posui
923 3880 995 3934 vos
1020 3871 1063 3930 ut
1086 3854 1239 3948 eatis&
1259 3855 1424 3932 tronum
1787 3859 1978 3936 lntroitus

629 3965 811 4056 afferatis,
828 3968 861 4039 δι
881 3963 1026 4041 lruelus
1044 3977 1169 4038 vester
1183 3968 1364 4054 maneat;
1385 3979 1427 4038 ut
1494 3998 1613 4067 Qui„
1631 4002 1662 4053 ι»
1696 3987 1900 4039 nunninus
1927 3987 2063 4038 omnes
2082 3961 2121 4039 in
2152 3963 2282 4039 Domi·

628 4072 907 4175 quodcomque
924 4068 1102 4170 petieritis
1126 4070 1278 4145 Patrem
1294 4067 1333 4144 in
1354 4076 1425 4144 no·
1492 4072 1513 4087 '‘
1551 4068 1642 4153 ι’ἶ””ῑΤ
1695 4094 1760 4162 nn,
1770 4070 1872 4148 diem
1887 4070 2026 4146 festum
2043 4071 2281 4146 celebrantes

628 4181 732 4258 mine
746 4201 850 4270 meo,
866 4177 930 4254 det
943 4176 1068 4254 vobis.
1494 4172 1598 4249 iiis}
1696 4180 1768 4254 sub
1791 4179 1940 4258 honore
1967 4177 2187 4256 sanolarum
2211 4181 2280 4254 So-
2358 4180 2360 4235 :

678 4285 940 4362 Oilertorium.
968 4287 997 4360 l.
1037 4284 1129 4358 Cor.
1158 4304 1192 4354 2.
1227 4283 1312 4358 Nos
1347 4307 1426 4358 non
1526 4272 1552 4347 '‘1-
1597 4288 1659 4337 ='
1696 4292 1830 4364 rorum
1858 4285 1936 4362 :de
1961 4309 2126 4384 quarum
2145 4287 2283 4362 solem·

629 4392 808 4493 spiritum
825 4392 939 4489 hujus
954 4387 1089 4466 mundi
1107 4387 1343 4487 accepimus,
1360 4388 1427 4464 sed
1481 4393 1597 4469 nitate
1622 4393 1789 4492 gaudent
1813 4390 1969 4489 Angeli,
1998 4395 2032 4468 ἃ
2057 4391 2282 4468 collaudant

628 4498 806 4600 spiritum
825 4495 890 4597 qui
905 4521 952 4572 ex
966 4498 1050 4572 Deo
1066 4511 1145 4586 est;
1167 4495 1424 4593 eloquimur,
1483 4499 1620 4574 Filium
1645 4501 1729 4579 Dei.
1755 4500 1916 4595 (Temp.
1938 4499 2073 4572 Pasch.
2099 4499 2278 4596 Alleluia,
2352 4546 2362 4599 1,

628 4630 709 4686 non
728 4604 769 4684 in
785 4603 908 4682 doelis
935 4605 1116 4679 humanae
1133 4599 1327 4699 sapientiae
1350 4627 1427 4678 ver·
1481 4608 1664 4706 alleluia.)
1706 4605 1847 4679 Psalm.
1877 4629 1939 4698 44.
1981 4605 2180 4682 Erunavit
2215 4629 2281 4679 cor
2352 4570 2355 4705 i

629 4713 711 4807 bis,
731 4711 858 4790 sedin
882 4708 1056 4787 dodirlna
1070 4705 1246 4808 Spiritus.
1267 4705 1426 4804 (Tenlp.
1482 4737 1612 4790 meum
1649 4715 1811 4790 verbum
1849 4713 2030 4790 bonum:
2082 4711 2172 4788 dico
2212 4735 2281 4808 ego
2352 4708 2361 4799 i*

630 4821 765 4892 Pasch.
787 4818 982 4918 Alleluia.)
1481 4826 1599 4918 opera
1615 4844 1701 4896 mea
1717 4817 1825 4915 Regi.
1847 4819 1889 4912 li.
1903 4815 2035 4894 Gloria
2049 4817 2166 4896 Patri.

943 4925 1113 4998 Secreta.
1809 4921 1958 4998 Oratio

628 5055 910 5222 Banaurcrro
925 5046 1004 5121 tua,
1022 5030 1202 5124 Domine,
1216 5053 1330 5129 super
1342 5027 1424 5102 haec
1487 5057 1590 5224 DA
1616 5030 1750 5120 nobis,
1782 5029 1948 5106 Domine
1976 5033 2068 5108 Jesu
2107 5029 2276 5124 Christe,
2359 5052 2361 5077 ¹

735 5147 897 5213 monera
925 5135 1153 5228 descendat,
1180 5161 1266 5238 quae
1295 5136 1335 5210 in
1368 5161 1426 5212 so·
1584 5138 1803 5214 sandarum
1825 5139 1958 5218 Mariae
1977 5136 2115 5213 iacobi
2139 5142 2174 5213 ἃ
2200 5139 2281 5214 Ma·

627 5243 822 5320 lemnitate
842 5239 962 5316 saneti
981 5242 1164 5342 Martyris
1178 5244 1232 5319 tui
1256 5243 1424 5320 Carauni
1480 5251 1544 5322 riae
1559 5247 1713 5322 Salome
1735 5244 1807 5345 piis
1829 5243 2051 5343 patrociniis
2079 5243 2277 5342 adjuvari:
2358 5304 2361 5345 ,

628 5347 817 5451 majestati
833 5364 909 5424 tuae
929 5345 1127 5424 offerimus
1145 5376 1152 5424 :
1171 5354 1204 5426 ἃ
1224 5367 1363 5449 praesta
1384 5367 1426 5426 ut
1480 5376 1564 5450 quae
1579 5352 1644 5432 tibi
1662 5367 1741 5430 tam
1755 5349 1897 5428 viventi
1909 5375 2026 5448 quarn
2038 5359 2194 5428 mortuo
2206 5367 2280 5428 stu-
2358 5354 2360 5367 '

626 5457 760 5557 dignas
792 5479 908 5554 super
933 5451 1175 5533 inenarrabili
1203 5457 1309 5534 dono
1335 5457 1424 5534 fidei
1479 5459 1644 5536 duerunt
1670 5457 1820 5538 devotis
1853 5456 2048 5558 obsequiis
2086 5457 2276 5534 famulari.

626 5564 767 5664 gratias
803 5561 870 5640 tibi
904 5561 1131 5656 relerentes,
1158 5563 1266 5662 quod
1296 5579 1424 5640 mente
1481 5563 1559 5659 Qui
1571 5562 1681 5642 vivis.
2358 5556 2360 5567 '

625 5669 987 5762 credimus‚corde
1019 5669 1208 5747 sedemur
1244 5675 1424 5772 &opere
1507 5673 1725 5748 Commem.
1754 5672 1791 5746 S.
1819 5662 2017 5742 Maximini
2044 5667 2115 5764 Ep.
2145 5665 2255 5740 Conl.
2351 5722 2353 5733 .

625 5779 868 5878 impleamus.
886 5777 957 5852 Per
972 5775 1197 5856 Dominum.
1807 5772 1956 5849 Oratio.
2350 5854 2352 5871 Ι

725 5889 781 5964 De
808 5889 847 5962 S·
877 5885 1087 5962 Germano.
1159 5886 1325 5958 Secreta.
1559 5913 1688 5982 xnunt,
1701 5909 1938 5988 quaesumus,
1951 5883 2131 5976 Domine,
2146 5907 2279 5982 preces
2349 5918 2352 5993 j

689 6017 803 6070 incar
817 5991 885 6085 tui,
902 6015 1139 6091 quaesumus,
1154 5992 1333 6085 Domine,
1352 6017 1424 6070 nos
1584 6001 1748 6088 nostras,
1773 6016 1870 6094 quas
1890 5991 1928 6068 in
1950 5990 2050 6070 beati
2074 5989 2277 6068 Maximini

629 6011 848 6202 Subique
870 6099 1084 6194 taenficen13
1109 6115 1152 6176 ut
1168 6099 1263 6176 dum
1287 6107 1423 6176 eorum
1481 6101 1720 6178 Confessoris
1751 6101 1804 6178 tui
1839 6115 1954 6199 atque
1988 6096 2187 6176 Pontificis
2221 6121 2279 6172 so
2349 6102 2358 6193 ᾗ

2187 6198 2358 6408 :fl
