<?xml version="1.0" encoding="UTF-8"?>
<!DOCTYPE html PUBLIC "-//W3C//DTD XHTML 1.0 Transitional//EN"
    "http://www.w3.org/TR/xhtml1/DTD/xhtml1-transitional.dtd">
<html xmlns="http://www.w3.org/1999/xhtml" xml:lang="en" lang="en">
 <head>
  <title>
</title>
<meta http-equiv="Content-Type" content="text/html;charset=utf-8" />
  <meta name='ocr-system' content='tesseract 3.04.00' />
  <meta name='ocr-capabilities' content='ocr_page ocr_carea ocr_par ocr_line ocrx_word'/>
</head>
<body>
  <div class='ocr_page' id='page_1' title='image "./officiapropriad00churgoog_0222.png"; bbox 0 0 5325 7200; ppageno 0'>
   <div class='ocr_carea' id='block_1_1' title="bbox 530 793 534 1306">
    <p class='ocr_par' dir='ltr' id='par_1_1' title="bbox 530 793 534 1306">
     <span class='ocr_line' id='line_1_1' title="bbox 530 793 534 1306; baseline 0 0"><span class='ocrx_word' id='word_1_1' title='bbox 530 793 534 1306; x_wconf 95' lang='lat' dir='ltr'> </span> 
     </span>
    </p>
   </div>
   <div class='ocr_carea' id='block_1_2' title="bbox 619 907 1849 1010">
    <p class='ocr_par' dir='ltr' id='par_1_2' title="bbox 619 907 1849 1010">
     <span class='ocr_line' id='line_1_2' title="bbox 619 907 1849 1010; baseline 0.005 -29"><span class='ocrx_word' id='word_1_2' title='bbox 619 907 687 981; x_wconf 76' lang='lat'>38*</span> <span class='ocrx_word' id='word_1_3' title='bbox 1039 910 1165 984; x_wconf 71' lang='lat' dir='ltr'>Missae</span> <span class='ocrx_word' id='word_1_4' title='bbox 1193 912 1352 1010; x_wconf 65' lang='lat' dir='ltr'>propriae</span> <span class='ocrx_word' id='word_1_5' title='bbox 1383 912 1560 987; x_wconf 72' lang='lat' dir='ltr'>Ecclesiae</span> <span class='ocrx_word' id='word_1_6' title='bbox 1591 914 1849 988; x_wconf 77' lang='lat' dir='ltr'>Carnutcnsis</span> 
     </span>
    </p>
   </div>
   <div class='ocr_carea' id='block_1_3' title="bbox 617 1048 2348 2324">
    <p class='ocr_par' dir='ltr' id='par_1_3' title="bbox 617 1048 2348 2324">
     <span class='ocr_line' id='line_1_3' title="bbox 617 1048 2269 1152; baseline 0.002 -31"><span class='ocrx_word' id='word_1_7' title='bbox 617 1048 726 1123; x_wconf 80' lang='lat' dir='ltr'>stallo</span> <span class='ocrx_word' id='word_1_8' title='bbox 749 1051 900 1142; x_wconf 87' lang='lat' dir='ltr'>Mariae,</span> <span class='ocrx_word' id='word_1_9' title='bbox 918 1054 952 1125; x_wconf 79' lang='lat' dir='ltr'>ar</span> <span class='ocrx_word' id='word_1_10' title='bbox 973 1051 1137 1126; x_wconf 88' lang='lat' dir='ltr'>Marthae</span> <span class='ocrx_word' id='word_1_11' title='bbox 1152 1050 1296 1127; x_wconf 89' lang='lat' dir='ltr'>sororis</span> <span class='ocrx_word' id='word_1_12' title='bbox 1315 1052 1411 1152; x_wconf 92' lang='lat' dir='ltr'>ejus.</span> <span class='ocrx_word' id='word_1_13' title='bbox 1470 1050 1602 1127; x_wconf 79' lang='lat' dir='ltr'>fixisset</span> <span class='ocrx_word' id='word_1_14' title='bbox 1615 1058 1792 1126; x_wconf 90' lang='lat' dir='ltr'>mortuus</span> <span class='ocrx_word' id='word_1_15' title='bbox 1806 1076 1815 1125; x_wconf 92' lang='lat'>:</span> <span class='ocrx_word' id='word_1_16' title='bbox 1827 1048 2055 1125; x_wconf 79' lang='lat' dir='ltr'>sedatnunc</span> <span class='ocrx_word' id='word_1_17' title='bbox 2068 1048 2164 1142; x_wconf 90' lang='lat' dir='ltr'>sci0,</span> <span class='ocrx_word' id='word_1_18' title='bbox 2177 1048 2269 1149; x_wconf 88' lang='lat' dir='ltr'>quia</span> 
     </span>
     <span class='ocr_line' id='line_1_4' title="bbox 619 1154 2270 1259; baseline 0 -28"><span class='ocrx_word' id='word_1_19' title='bbox 619 1158 760 1251; x_wconf 89' lang='lat' dir='ltr'>(Maria</span> <span class='ocrx_word' id='word_1_20' title='bbox 779 1173 909 1234; x_wconf 91' lang='lat' dir='ltr'>autem</span> <span class='ocrx_word' id='word_1_21' title='bbox 932 1173 1026 1253; x_wconf 91' lang='lat' dir='ltr'>erat,</span> <span class='ocrx_word' id='word_1_22' title='bbox 1050 1184 1136 1259; x_wconf 88' lang='lat' dir='ltr'>quae</span> <span class='ocrx_word' id='word_1_23' title='bbox 1154 1159 1264 1235; x_wconf 91' lang='lat' dir='ltr'>unxit</span> <span class='ocrx_word' id='word_1_24' title='bbox 1285 1158 1417 1235; x_wconf 90' lang='lat' dir='ltr'>Domi·</span> <span class='ocrx_word' id='word_1_25' title='bbox 1471 1164 1725 1257; x_wconf 84' lang='lat' dir='ltr'>quaectrmque</span> <span class='ocrx_word' id='word_1_26' title='bbox 1750 1154 1975 1257; x_wconf 72' lang='lat' dir='ltr'>poposceris</span> <span class='ocrx_word' id='word_1_27' title='bbox 1997 1180 2021 1231; x_wconf 93' lang='lat' dir='ltr'>a</span> <span class='ocrx_word' id='word_1_28' title='bbox 2042 1158 2141 1249; x_wconf 93' lang='lat' dir='ltr'>De0,</span> <span class='ocrx_word' id='word_1_29' title='bbox 2163 1156 2270 1233; x_wconf 90' lang='lat' dir='ltr'>dabit</span> 
     </span>
     <span class='ocr_line' id='line_1_5' title="bbox 618 1260 2269 1367; baseline -0.002 -26"><span class='ocrx_word' id='word_1_30' title='bbox 618 1287 712 1341; x_wconf 93' lang='lat' dir='ltr'>num</span> <span class='ocrx_word' id='word_1_31' title='bbox 735 1271 946 1363; x_wconf 85' lang='lat' dir='ltr'>unguento,</span> <span class='ocrx_word' id='word_1_32' title='bbox 968 1270 1002 1341; x_wconf 77' lang='lat' dir='ltr'>ar</span> <span class='ocrx_word' id='word_1_33' title='bbox 1023 1265 1175 1341; x_wconf 77' lang='lat' dir='ltr'>extersit</span> <span class='ocrx_word' id='word_1_34' title='bbox 1194 1266 1312 1367; x_wconf 91' lang='lat' dir='ltr'>pedes</span> <span class='ocrx_word' id='word_1_35' title='bbox 1334 1269 1416 1367; x_wconf 86' lang='lat' dir='ltr'>ejus</span> <span class='ocrx_word' id='word_1_36' title='bbox 1472 1262 1538 1339; x_wconf 92' lang='lat' dir='ltr'>tibi</span> <span class='ocrx_word' id='word_1_37' title='bbox 1563 1266 1681 1339; x_wconf 89' lang='lat' dir='ltr'>Deus.</span> <span class='ocrx_word' id='word_1_38' title='bbox 1707 1260 1808 1339; x_wconf 86' lang='lat' dir='ltr'><strong>Dicit</strong></span> <span class='ocrx_word' id='word_1_39' title='bbox 1830 1260 1882 1337; x_wconf 93' lang='lat' dir='ltr'>illi</span> <span class='ocrx_word' id='word_1_40' title='bbox 1907 1263 2021 1337; x_wconf 85' lang='lat' dir='ltr'>Jesus</span> <span class='ocrx_word' id='word_1_41' title='bbox 2044 1288 2051 1335; x_wconf 94' lang='lat'>:</span> <span class='ocrx_word' id='word_1_42' title='bbox 2079 1266 2269 1361; x_wconf 76' lang='lat' dir='ltr'><strong>Resurget</strong></span> 
     </span>
     <span class='ocr_line' id='line_1_6' title="bbox 618 1367 2268 1470; baseline -0.001 -27"><span class='ocrx_word' id='word_1_43' title='bbox 618 1367 763 1469; x_wconf 87' lang='lat' dir='ltr'>capillis</span> <span class='ocrx_word' id='word_1_44' title='bbox 782 1370 882 1445; x_wconf 90' lang='lat' dir='ltr'>suis:</span> <span class='ocrx_word' id='word_1_45' title='bbox 906 1373 1017 1470; x_wconf 86' lang='lat' dir='ltr'>cujus</span> <span class='ocrx_word' id='word_1_46' title='bbox 1035 1371 1151 1447; x_wconf 88' lang='lat' dir='ltr'>frater</span> <span class='ocrx_word' id='word_1_47' title='bbox 1174 1375 1343 1448; x_wconf 88' lang='lat' dir='ltr'>Lazarus</span> <span class='ocrx_word' id='word_1_48' title='bbox 1365 1372 1416 1446; x_wconf 91' lang='lat' dir='ltr'>in·</span> <span class='ocrx_word' id='word_1_49' title='bbox 1470 1371 1586 1446; x_wconf 85' lang='lat' dir='ltr'>irater</span> <span class='ocrx_word' id='word_1_50' title='bbox 1602 1394 1708 1445; x_wconf 90' lang='lat' dir='ltr'>suus.</span> <span class='ocrx_word' id='word_1_51' title='bbox 1722 1367 1825 1445; x_wconf 88' lang='lat' dir='ltr'>Dicit</span> <span class='ocrx_word' id='word_1_52' title='bbox 1838 1367 1874 1443; x_wconf 92' lang='lat' dir='ltr'>ei</span> <span class='ocrx_word' id='word_1_53' title='bbox 1884 1369 2041 1444; x_wconf 89' lang='lat' dir='ltr'>Martha</span> <span class='ocrx_word' id='word_1_54' title='bbox 2055 1396 2062 1443; x_wconf 92' lang='lat'>:</span> <span class='ocrx_word' id='word_1_55' title='bbox 2077 1368 2167 1445; x_wconf 92' lang='lat' dir='ltr'>Scio</span> <span class='ocrx_word' id='word_1_56' title='bbox 2177 1368 2268 1469; x_wconf 91' lang='lat' dir='ltr'>quia</span> 
     </span>
     <span class='ocr_line' id='line_1_7' title="bbox 617 1473 2267 1577; baseline 0 -28"><span class='ocrx_word' id='word_1_57' title='bbox 617 1475 874 1574; x_wconf 86' lang='lat' dir='ltr'>firmabatur.)</span> <span class='ocrx_word' id='word_1_58' title='bbox 907 1475 1098 1553; x_wconf 81' lang='lat' dir='ltr'>Miserunt</span> <span class='ocrx_word' id='word_1_59' title='bbox 1134 1502 1225 1577; x_wconf 89' lang='lat' dir='ltr'>ergo</span> <span class='ocrx_word' id='word_1_60' title='bbox 1261 1488 1415 1555; x_wconf 89' lang='lat' dir='ltr'>sorores</span> <span class='ocrx_word' id='word_1_61' title='bbox 1470 1484 1640 1575; x_wconf 80' lang='lat' dir='ltr'>resurget</span> <span class='ocrx_word' id='word_1_62' title='bbox 1664 1475 1703 1551; x_wconf 92' lang='lat' dir='ltr'>in</span> <span class='ocrx_word' id='word_1_63' title='bbox 1735 1473 2011 1551; x_wconf 77' lang='lat' dir='ltr'>resurretlione</span> <span class='ocrx_word' id='word_1_64' title='bbox 2036 1476 2075 1551; x_wconf 94' lang='lat' dir='ltr'>in</span> <span class='ocrx_word' id='word_1_65' title='bbox 2101 1474 2267 1551; x_wconf 87' lang='lat' dir='ltr'>novissi-</span> 
     </span>
     <span class='ocr_line' id='line_1_8' title="bbox 618 1580 2348 1681; baseline 0.001 -26"><span class='ocrx_word' id='word_1_66' title='bbox 618 1583 699 1681; x_wconf 87' lang='lat' dir='ltr'>ejus</span> <span class='ocrx_word' id='word_1_67' title='bbox 711 1581 761 1657; x_wconf 91' lang='lat' dir='ltr'>ad</span> <span class='ocrx_word' id='word_1_68' title='bbox 774 1607 879 1677; x_wconf 91' lang='lat' dir='ltr'>eum,</span> <span class='ocrx_word' id='word_1_69' title='bbox 901 1582 1098 1659; x_wconf 77' lang='lat' dir='ltr'>dicentes:</span> <span class='ocrx_word' id='word_1_70' title='bbox 1123 1585 1306 1678; x_wconf 92' lang='lat' dir='ltr'>Domine,</span> <span class='ocrx_word' id='word_1_71' title='bbox 1324 1610 1415 1661; x_wconf 89' lang='lat' dir='ltr'>ecce</span> <span class='ocrx_word' id='word_1_72' title='bbox 1471 1607 1537 1658; x_wconf 95' lang='lat' dir='ltr'>mo</span> <span class='ocrx_word' id='word_1_73' title='bbox 1562 1582 1637 1657; x_wconf 92' lang='lat' dir='ltr'>die.</span> <span class='ocrx_word' id='word_1_74' title='bbox 1660 1580 1762 1659; x_wconf 85' lang='lat' dir='ltr'>Dixit</span> <span class='ocrx_word' id='word_1_75' title='bbox 1783 1580 1817 1655; x_wconf 91' lang='lat' dir='ltr'>ei</span> <span class='ocrx_word' id='word_1_76' title='bbox 1840 1582 1975 1657; x_wconf 87' lang='lat' dir='ltr'>Jesus:</span> <span class='ocrx_word' id='word_1_77' title='bbox 2000 1584 2084 1679; x_wconf 90' lang='lat' dir='ltr'>Ego</span> <span class='ocrx_word' id='word_1_78' title='bbox 2104 1607 2191 1657; x_wconf 89' lang='lat' dir='ltr'>sum</span> <span class='ocrx_word' id='word_1_79' title='bbox 2207 1606 2266 1657; x_wconf 91' lang='lat' dir='ltr'>re·</span> <span class='ocrx_word' id='word_1_80' title='bbox 2345 1643 2348 1664; x_wconf 86' lang='lat'><em>.</em></span> 
     </span>
     <span class='ocr_line' id='line_1_9' title="bbox 617 1686 2266 1787; baseline 0.002 -25"><span class='ocrx_word' id='word_1_81' title='bbox 617 1712 733 1787; x_wconf 90' lang='lat' dir='ltr'>quem</span> <span class='ocrx_word' id='word_1_82' title='bbox 756 1714 880 1785; x_wconf 91' lang='lat' dir='ltr'>amas,</span> <span class='ocrx_word' id='word_1_83' title='bbox 906 1690 1133 1767; x_wconf 84' lang='lat' dir='ltr'>infirmatur.</span> <span class='ocrx_word' id='word_1_84' title='bbox 1157 1692 1330 1768; x_wconf 88' lang='lat' dir='ltr'>Audiens</span> <span class='ocrx_word' id='word_1_85' title='bbox 1352 1717 1416 1768; x_wconf 90' lang='lat' dir='ltr'>au·</span> <span class='ocrx_word' id='word_1_86' title='bbox 1471 1688 1669 1782; x_wconf 72' lang='lat' dir='ltr'>surrettio,</span> <span class='ocrx_word' id='word_1_87' title='bbox 1691 1694 1724 1765; x_wconf 72' lang='lat' dir='ltr'>a</span> <span class='ocrx_word' id='word_1_88' title='bbox 1750 1688 1861 1763; x_wconf 88' lang='lat' dir='ltr'>vita:</span> <span class='ocrx_word' id='word_1_89' title='bbox 1889 1686 1955 1786; x_wconf 92' lang='lat' dir='ltr'>qui</span> <span class='ocrx_word' id='word_1_90' title='bbox 1981 1687 2102 1764; x_wconf 90' lang='lat' dir='ltr'>credit</span> <span class='ocrx_word' id='word_1_91' title='bbox 2124 1688 2163 1763; x_wconf 93' lang='lat' dir='ltr'>in</span> <span class='ocrx_word' id='word_1_92' title='bbox 2188 1714 2266 1781; x_wconf 88' lang='lat' dir='ltr'>me,</span> 
     </span>
     <span class='ocr_line' id='line_1_10' title="bbox 617 1793 2269 1890; baseline 0 -21"><span class='ocrx_word' id='word_1_93' title='bbox 617 1809 695 1869; x_wconf 91' lang='lat' dir='ltr'>tem</span> <span class='ocrx_word' id='word_1_94' title='bbox 714 1797 840 1890; x_wconf 88' lang='lat' dir='ltr'>lesus,</span> <span class='ocrx_word' id='word_1_95' title='bbox 866 1796 961 1872; x_wconf 84' lang='lat' dir='ltr'>dixit</span> <span class='ocrx_word' id='word_1_96' title='bbox 980 1796 1035 1872; x_wconf 90' lang='lat' dir='ltr'>eis</span> <span class='ocrx_word' id='word_1_97' title='bbox 1065 1826 1072 1872; x_wconf 95' lang='lat'><strong>:</strong></span> <span class='ocrx_word' id='word_1_98' title='bbox 1104 1798 1309 1875; x_wconf 84' lang='lat' dir='ltr'>lnfirmitas</span> <span class='ocrx_word' id='word_1_99' title='bbox 1332 1800 1414 1873; x_wconf 88' lang='lat' dir='ltr'>haec</span> <span class='ocrx_word' id='word_1_100' title='bbox 1471 1794 1619 1872; x_wconf 87' lang='lat' dir='ltr'>etiamsi</span> <span class='ocrx_word' id='word_1_101' title='bbox 1635 1802 1813 1871; x_wconf 92' lang='lat' dir='ltr'>mortuus</span> <span class='ocrx_word' id='word_1_102' title='bbox 1832 1794 1957 1887; x_wconf 79' lang='lat' dir='ltr'>fixerit,</span> <span class='ocrx_word' id='word_1_103' title='bbox 1980 1793 2106 1889; x_wconf 85' lang='lat' dir='ltr'>vivet;</span> <span class='ocrx_word' id='word_1_104' title='bbox 2131 1800 2167 1871; x_wconf 86' lang='lat'>&amp;</span> <span class='ocrx_word' id='word_1_105' title='bbox 2187 1820 2269 1871; x_wconf 93' lang='lat' dir='ltr'>orn·</span> 
     </span>
     <span class='ocr_line' id='line_1_11' title="bbox 617 1899 2269 2005; baseline 0.001 -30"><span class='ocrx_word' id='word_1_106' title='bbox 617 1916 781 1976; x_wconf 91' lang='lat' dir='ltr'>nonest</span> <span class='ocrx_word' id='word_1_107' title='bbox 809 1901 861 1977; x_wconf 91' lang='lat' dir='ltr'>ad</span> <span class='ocrx_word' id='word_1_108' title='bbox 886 1918 1066 1995; x_wconf 92' lang='lat' dir='ltr'>mortem,</span> <span class='ocrx_word' id='word_1_109' title='bbox 1097 1904 1165 1978; x_wconf 91' lang='lat' dir='ltr'>sed</span> <span class='ocrx_word' id='word_1_110' title='bbox 1191 1929 1264 2005; x_wconf 91' lang='lat' dir='ltr'>pro</span> <span class='ocrx_word' id='word_1_111' title='bbox 1295 1904 1416 2003; x_wconf 89' lang='lat' dir='ltr'>gloria</span> <span class='ocrx_word' id='word_1_112' title='bbox 1472 1902 1543 1997; x_wconf 95' lang='lat' dir='ltr'>nis,</span> <span class='ocrx_word' id='word_1_113' title='bbox 1571 1900 1637 2003; x_wconf 93' lang='lat' dir='ltr'>qui</span> <span class='ocrx_word' id='word_1_114' title='bbox 1663 1899 1771 1993; x_wconf 88' lang='lat' dir='ltr'>vivit,</span> <span class='ocrx_word' id='word_1_115' title='bbox 1802 1904 1836 1974; x_wconf 78' lang='lat' dir='ltr'>ot</span> <span class='ocrx_word' id='word_1_116' title='bbox 1870 1900 1990 1976; x_wconf 92' lang='lat' dir='ltr'>credit</span> <span class='ocrx_word' id='word_1_117' title='bbox 2013 1900 2053 1977; x_wconf 93' lang='lat' dir='ltr'>in</span> <span class='ocrx_word' id='word_1_118' title='bbox 2086 1926 2163 1995; x_wconf 89' lang='lat' dir='ltr'>me,</span> <span class='ocrx_word' id='word_1_119' title='bbox 2189 1926 2269 1977; x_wconf 93' lang='lat' dir='ltr'>non</span> 
     </span>
     <span class='ocr_line' id='line_1_12' title="bbox 618 2006 2269 2113; baseline 0.002 -32"><span class='ocrx_word' id='word_1_120' title='bbox 618 2007 703 2097; x_wconf 88' lang='lat' dir='ltr'>Dei,</span> <span class='ocrx_word' id='word_1_121' title='bbox 714 2022 758 2082; x_wconf 89' lang='lat' dir='ltr'>ut</span> <span class='ocrx_word' id='word_1_122' title='bbox 768 2006 1128 2105; x_wconf 78' lang='lat' dir='ltr'>glorificeturFilius</span> <span class='ocrx_word' id='word_1_123' title='bbox 1143 2011 1213 2087; x_wconf 91' lang='lat' dir='ltr'>Dei</span> <span class='ocrx_word' id='word_1_124' title='bbox 1227 2036 1297 2113; x_wconf 90' lang='lat' dir='ltr'>per</span> <span class='ocrx_word' id='word_1_125' title='bbox 1312 2036 1413 2087; x_wconf 88' lang='lat' dir='ltr'>eam.</span> <span class='ocrx_word' id='word_1_126' title='bbox 1471 2008 1657 2087; x_wconf 79' lang='lat' dir='ltr'>morietur</span> <span class='ocrx_word' id='word_1_127' title='bbox 1687 2006 1726 2081; x_wconf 94' lang='lat' dir='ltr'>in</span> <span class='ocrx_word' id='word_1_128' title='bbox 1752 2014 1952 2085; x_wconf 81' lang='lat' dir='ltr'>aternum.</span> <span class='ocrx_word' id='word_1_129' title='bbox 1985 2006 2119 2083; x_wconf 88' lang='lat' dir='ltr'>Credis</span> <span class='ocrx_word' id='word_1_130' title='bbox 2147 2009 2224 2085; x_wconf 89' lang='lat' dir='ltr'>hoc</span> <span class='ocrx_word' id='word_1_131' title='bbox 2251 2010 2269 2085; x_wconf 71' lang='lat' dir='ltr'>l</span> 
     </span>
     <span class='ocr_line' id='line_1_13' title="bbox 619 2111 2267 2213; baseline 0 -24"><span class='ocrx_word' id='word_1_132' title='bbox 619 2111 806 2210; x_wconf 80' lang='lat' dir='ltr'>Diligebat</span> <span class='ocrx_word' id='word_1_133' title='bbox 837 2130 967 2191; x_wconf 90' lang='lat' dir='ltr'>autem</span> <span class='ocrx_word' id='word_1_134' title='bbox 994 2117 1107 2191; x_wconf 91' lang='lat' dir='ltr'>Jesus</span> <span class='ocrx_word' id='word_1_135' title='bbox 1136 2118 1348 2212; x_wconf 90' lang='lat' dir='ltr'>Martham,</span> <span class='ocrx_word' id='word_1_136' title='bbox 1383 2124 1416 2193; x_wconf 78' lang='grc' dir='ltr'>δι</span> <span class='ocrx_word' id='word_1_137' title='bbox 1470 2115 1534 2191; x_wconf 83' lang='grc' dir='ltr'>Αἰῐ</span> <span class='ocrx_word' id='word_1_138' title='bbox 1553 2114 1604 2190; x_wconf 86' lang='grc'><strong>1111</strong></span> <span class='ocrx_word' id='word_1_139' title='bbox 1625 2141 1633 2189; x_wconf 92' lang='lat'><strong>:</strong></span> <span class='ocrx_word' id='word_1_140' title='bbox 1654 2112 1806 2213; x_wconf 90' lang='lat' dir='ltr'>Utique,</span> <span class='ocrx_word' id='word_1_141' title='bbox 1822 2112 2001 2207; x_wconf 91' lang='lat' dir='ltr'>Domine,</span> <span class='ocrx_word' id='word_1_142' title='bbox 2018 2138 2089 2213; x_wconf 89' lang='lat' dir='ltr'>ego</span> <span class='ocrx_word' id='word_1_143' title='bbox 2106 2114 2267 2209; x_wconf 80' lang='lat' dir='ltr'>credidi,</span> 
     </span>
     <span class='ocr_line' id='line_1_14' title="bbox 618 2217 2266 2324; baseline 0.001 -31"><span class='ocrx_word' id='word_1_144' title='bbox 618 2227 797 2295; x_wconf 89' lang='lat' dir='ltr'>sororem</span> <span class='ocrx_word' id='word_1_145' title='bbox 826 2223 910 2321; x_wconf 87' lang='lat' dir='ltr'>ejus</span> <span class='ocrx_word' id='word_1_146' title='bbox 934 2222 1118 2315; x_wconf 90' lang='lat' dir='ltr'>Mariam,</span> <span class='ocrx_word' id='word_1_147' title='bbox 1147 2226 1413 2299; x_wconf 77' lang='lat' dir='ltr'>&amp;Lazarum</span> <span class='ocrx_word' id='word_1_148' title='bbox 1471 2220 1560 2324; x_wconf 92' lang='lat' dir='ltr'>quia</span> <span class='ocrx_word' id='word_1_149' title='bbox 1587 2237 1628 2297; x_wconf 91' lang='lat' dir='ltr'>tu</span> <span class='ocrx_word' id='word_1_150' title='bbox 1657 2244 1697 2294; x_wconf 93' lang='lat' dir='ltr'>es</span> <span class='ocrx_word' id='word_1_151' title='bbox 1725 2217 1898 2295; x_wconf 91' lang='lat' dir='ltr'>Christus</span> <span class='ocrx_word' id='word_1_152' title='bbox 1928 2220 2046 2295; x_wconf 92' lang='lat' dir='ltr'>Filius</span> <span class='ocrx_word' id='word_1_153' title='bbox 2074 2221 2146 2297; x_wconf 91' lang='lat' dir='ltr'>Dei</span> <span class='ocrx_word' id='word_1_154' title='bbox 2173 2222 2266 2315; x_wconf 85' lang='lat' dir='ltr'>vivi,</span> 
     </span>
    </p>
   </div>
   <div class='ocr_carea' id='block_1_4' title="bbox 504 2324 2266 2429">
    <p class='ocr_par' dir='ltr' id='par_1_4' title="bbox 504 2324 2266 2429">
     <span class='ocr_line' id='line_1_15' title="bbox 504 2324 2266 2429; baseline -0.001 -25"><span class='ocrx_word' id='word_1_155' title='bbox 504 2396 510 2404; x_wconf 94' lang='lat'><em>.</em></span> <span class='ocrx_word' id='word_1_156' title='bbox 617 2327 669 2403; x_wconf 92' lang='lat' dir='ltr'>Ut</span> <span class='ocrx_word' id='word_1_157' title='bbox 712 2352 802 2425; x_wconf 88' lang='lat' dir='ltr'>ergo</span> <span class='ocrx_word' id='word_1_158' title='bbox 835 2328 982 2403; x_wconf 89' lang='lat' dir='ltr'>audivit</span> <span class='ocrx_word' id='word_1_159' title='bbox 1013 2328 1103 2429; x_wconf 92' lang='lat' dir='ltr'>quia</span> <span class='ocrx_word' id='word_1_160' title='bbox 1131 2328 1413 2425; x_wconf 84' lang='lat' dir='ltr'>infirmabatur,</span> <span class='ocrx_word' id='word_1_161' title='bbox 1469 2325 1536 2429; x_wconf 93' lang='lat' dir='ltr'>qui</span> <span class='ocrx_word' id='word_1_162' title='bbox 1553 2328 1591 2401; x_wconf 91' lang='lat' dir='ltr'>in</span> <span class='ocrx_word' id='word_1_163' title='bbox 1606 2327 1711 2402; x_wconf 92' lang='lat' dir='ltr'>hunc</span> <span class='ocrx_word' id='word_1_164' title='bbox 1725 2324 1914 2401; x_wconf 92' lang='lat' dir='ltr'>mundum</span> <span class='ocrx_word' id='word_1_165' title='bbox 1934 2326 2089 2403; x_wconf 90' lang='lat' dir='ltr'>venisti.</span> <span class='ocrx_word' id='word_1_166' title='bbox 2110 2330 2266 2405; x_wconf 88' lang='lat' dir='ltr'>Etcum</span> 
     </span>
    </p>
   </div>
   <div class='ocr_carea' id='block_1_5' title="bbox 606 2430 2269 6154">
    <p class='ocr_par' dir='ltr' id='par_1_5' title="bbox 606 2430 2269 6154">
     <span class='ocr_line' id='line_1_16' title="bbox 618 2430 2267 2532; baseline 0.002 -25"><span class='ocrx_word' id='word_1_167' title='bbox 618 2447 708 2508; x_wconf 90' lang='lat' dir='ltr'>tunc</span> <span class='ocrx_word' id='word_1_168' title='bbox 740 2433 898 2532; x_wconf 91' lang='lat' dir='ltr'>quidem</span> <span class='ocrx_word' id='word_1_169' title='bbox 926 2434 1068 2510; x_wconf 88' lang='lat' dir='ltr'>mansit</span> <span class='ocrx_word' id='word_1_170' title='bbox 1093 2434 1131 2509; x_wconf 95' lang='lat' dir='ltr'>in</span> <span class='ocrx_word' id='word_1_171' title='bbox 1157 2438 1297 2512; x_wconf 90' lang='lat' dir='ltr'>eodem</span> <span class='ocrx_word' id='word_1_172' title='bbox 1324 2439 1413 2513; x_wconf 93' lang='lat' dir='ltr'>loco</span> <span class='ocrx_word' id='word_1_173' title='bbox 1471 2436 1553 2511; x_wconf 87' lang='lat' dir='ltr'>haec</span> <span class='ocrx_word' id='word_1_174' title='bbox 1584 2433 1751 2527; x_wconf 84' lang='lat' dir='ltr'>dixisset,</span> <span class='ocrx_word' id='word_1_175' title='bbox 1783 2430 1886 2525; x_wconf 92' lang='lat' dir='ltr'>abiit,</span> <span class='ocrx_word' id='word_1_176' title='bbox 1921 2437 1956 2509; x_wconf 84' lang='lat'>&amp;</span> <span class='ocrx_word' id='word_1_177' title='bbox 1986 2434 2141 2509; x_wconf 91' lang='lat' dir='ltr'>vocavit</span> <span class='ocrx_word' id='word_1_178' title='bbox 2180 2436 2267 2511; x_wconf 88' lang='lat' dir='ltr'>Ma·</span> 
     </span>
     <span class='ocr_line' id='line_1_17' title="bbox 618 2538 2264 2641; baseline 0.004 -27"><span class='ocrx_word' id='word_1_179' title='bbox 618 2538 772 2614; x_wconf 90' lang='lat' dir='ltr'>duobus</span> <span class='ocrx_word' id='word_1_180' title='bbox 793 2540 944 2617; x_wconf 81' lang='lat' dir='ltr'>diebus,</span> <span class='ocrx_word' id='word_1_181' title='bbox 968 2542 1116 2617; x_wconf 89' lang='lat' dir='ltr'>Deinde</span> <span class='ocrx_word' id='word_1_182' title='bbox 1140 2558 1228 2641; x_wconf 91' lang='lat' dir='ltr'>post</span> <span class='ocrx_word' id='word_1_183' title='bbox 1246 2544 1330 2619; x_wconf 85' lang='lat' dir='ltr'>haec</span> <span class='ocrx_word' id='word_1_184' title='bbox 1355 2544 1412 2619; x_wconf 91' lang='lat' dir='ltr'>di·</span> <span class='ocrx_word' id='word_1_185' title='bbox 1470 2548 1566 2617; x_wconf 88' lang='lat' dir='ltr'>riam</span> <span class='ocrx_word' id='word_1_186' title='bbox 1590 2547 1764 2615; x_wconf 92' lang='lat' dir='ltr'>sororem</span> <span class='ocrx_word' id='word_1_187' title='bbox 1783 2563 1894 2614; x_wconf 91' lang='lat' dir='ltr'>suam</span> <span class='ocrx_word' id='word_1_188' title='bbox 1912 2539 2074 2633; x_wconf 79' lang='lat' dir='ltr'>silentio,</span> <span class='ocrx_word' id='word_1_189' title='bbox 2098 2540 2264 2619; x_wconf 90' lang='lat' dir='ltr'>dicens:</span> 
     </span>
     <span class='ocr_line' id='line_1_18' title="bbox 616 2643 2268 2746; baseline 0.004 -27"><span class='ocrx_word' id='word_1_190' title='bbox 616 2644 671 2720; x_wconf 91' lang='lat' dir='ltr'>xit</span> <span class='ocrx_word' id='word_1_191' title='bbox 685 2644 884 2746; x_wconf 88' lang='lat' dir='ltr'>discipulis</span> <span class='ocrx_word' id='word_1_192' title='bbox 901 2647 980 2722; x_wconf 92' lang='lat' dir='ltr'>suis</span> <span class='ocrx_word' id='word_1_193' title='bbox 999 2675 1007 2723; x_wconf 92' lang='lat'>:</span> <span class='ocrx_word' id='word_1_194' title='bbox 1023 2650 1170 2723; x_wconf 88' lang='lat' dir='ltr'>Eamus</span> <span class='ocrx_word' id='word_1_195' title='bbox 1185 2649 1223 2723; x_wconf 92' lang='lat' dir='ltr'>in</span> <span class='ocrx_word' id='word_1_196' title='bbox 1235 2649 1412 2726; x_wconf 89' lang='lat' dir='ltr'>Judaeam</span> <span class='ocrx_word' id='word_1_197' title='bbox 1470 2649 1652 2746; x_wconf 84' lang='lat' dir='ltr'>Magister</span> <span class='ocrx_word' id='word_1_198' title='bbox 1686 2643 1808 2737; x_wconf 90' lang='lat' dir='ltr'>adest,</span> <span class='ocrx_word' id='word_1_199' title='bbox 1843 2649 1877 2719; x_wconf 74' lang='lat'>8(</span> <span class='ocrx_word' id='word_1_200' title='bbox 1905 2662 2021 2722; x_wconf 91' lang='lat' dir='ltr'>vocat</span> <span class='ocrx_word' id='word_1_201' title='bbox 2046 2662 2095 2722; x_wconf 91' lang='lat' dir='ltr'>te.</span> <span class='ocrx_word' id='word_1_202' title='bbox 2128 2648 2197 2723; x_wconf 89' lang='lat' dir='ltr'>llla</span> <span class='ocrx_word' id='word_1_203' title='bbox 2229 2666 2268 2725; x_wconf 92' lang='lat' dir='ltr'>ut</span> 
     </span>
     <span class='ocr_line' id='line_1_19' title="bbox 616 2750 2264 2854; baseline 0.002 -27"><span class='ocrx_word' id='word_1_204' title='bbox 616 2759 769 2829; x_wconf 87' lang='lat' dir='ltr'>iterum.</span> <span class='ocrx_word' id='word_1_205' title='bbox 800 2754 942 2829; x_wconf 90' lang='lat' dir='ltr'>Dicunt</span> <span class='ocrx_word' id='word_1_206' title='bbox 967 2754 1001 2829; x_wconf 91' lang='lat' dir='ltr'>ei</span> <span class='ocrx_word' id='word_1_207' title='bbox 1031 2753 1207 2854; x_wconf 90' lang='lat' dir='ltr'>discipuli</span> <span class='ocrx_word' id='word_1_208' title='bbox 1231 2782 1239 2831; x_wconf 76' lang='grc' dir='ltr'>ε</span> <span class='ocrx_word' id='word_1_209' title='bbox 1269 2757 1410 2851; x_wconf 90' lang='lat' dir='ltr'>Rabbi,</span> <span class='ocrx_word' id='word_1_210' title='bbox 1470 2751 1628 2845; x_wconf 88' lang='lat' dir='ltr'>audivit,</span> <span class='ocrx_word' id='word_1_211' title='bbox 1649 2750 1768 2851; x_wconf 87' lang='lat' dir='ltr'>surgit</span> <span class='ocrx_word' id='word_1_212' title='bbox 1788 2750 1878 2844; x_wconf 93' lang='lat' dir='ltr'>cito,</span> <span class='ocrx_word' id='word_1_213' title='bbox 1901 2758 1937 2829; x_wconf 88' lang='lat'>&amp;</span> <span class='ocrx_word' id='word_1_214' title='bbox 1953 2752 2058 2829; x_wconf 87' lang='lat' dir='ltr'>venit</span> <span class='ocrx_word' id='word_1_215' title='bbox 2074 2752 2125 2829; x_wconf 92' lang='lat' dir='ltr'>ad</span> <span class='ocrx_word' id='word_1_216' title='bbox 2145 2779 2264 2831; x_wconf 90' lang='lat' dir='ltr'>eum:</span> 
     </span>
     <span class='ocr_line' id='line_1_20' title="bbox 617 2858 2267 2962; baseline 0.004 -29"><span class='ocrx_word' id='word_1_217' title='bbox 617 2883 720 2934; x_wconf 90' lang='lat' dir='ltr'>nunc</span> <span class='ocrx_word' id='word_1_218' title='bbox 736 2863 960 2958; x_wconf 79' lang='lat' dir='ltr'>quaerebant</span> <span class='ocrx_word' id='word_1_219' title='bbox 977 2875 1013 2935; x_wconf 95' lang='lat' dir='ltr'>te</span> <span class='ocrx_word' id='word_1_220' title='bbox 1031 2859 1154 2936; x_wconf 88' lang='lat' dir='ltr'>Judaei</span> <span class='ocrx_word' id='word_1_221' title='bbox 1173 2862 1358 2962; x_wconf 89' lang='lat' dir='ltr'>lapidare,</span> <span class='ocrx_word' id='word_1_222' title='bbox 1381 2871 1414 2941; x_wconf 72' lang='grc'><strong>81</strong></span> <span class='ocrx_word' id='word_1_223' title='bbox 1469 2858 1644 2935; x_wconf 92' lang='lat' dir='ltr'>nondum</span> <span class='ocrx_word' id='word_1_224' title='bbox 1678 2858 1781 2935; x_wconf 93' lang='lat' dir='ltr'>enirn</span> <span class='ocrx_word' id='word_1_225' title='bbox 1811 2866 1971 2935; x_wconf 81' lang='lat' dir='ltr'>venerat</span> <span class='ocrx_word' id='word_1_226' title='bbox 1994 2862 2106 2937; x_wconf 86' lang='lat' dir='ltr'>lesus</span> <span class='ocrx_word' id='word_1_227' title='bbox 2136 2860 2178 2937; x_wconf 93' lang='lat' dir='ltr'>in</span> <span class='ocrx_word' id='word_1_228' title='bbox 2208 2887 2267 2939; x_wconf 91' lang='lat' dir='ltr'>ca-</span> 
     </span>
     <span class='ocr_line' id='line_1_21' title="bbox 616 2964 2264 3067; baseline 0.004 -26"><span class='ocrx_word' id='word_1_229' title='bbox 616 2972 755 3042; x_wconf 91' lang='lat' dir='ltr'>iterum</span> <span class='ocrx_word' id='word_1_230' title='bbox 769 2967 880 3043; x_wconf 92' lang='lat' dir='ltr'>vadis</span> <span class='ocrx_word' id='word_1_231' title='bbox 899 2968 988 3043; x_wconf 92' lang='lat' dir='ltr'>illuc</span> <span class='ocrx_word' id='word_1_232' title='bbox 1003 2968 1021 3042; x_wconf 76' lang='grc'>1</span> <span class='ocrx_word' id='word_1_233' title='bbox 1039 2970 1254 3067; x_wconf 90' lang='lat' dir='ltr'>Respondit</span> <span class='ocrx_word' id='word_1_234' title='bbox 1270 2973 1410 3049; x_wconf 91' lang='lat' dir='ltr'>Jesus:</span> <span class='ocrx_word' id='word_1_235' title='bbox 1469 2967 1640 3060; x_wconf 78' lang='lat' dir='ltr'>stellum;</span> <span class='ocrx_word' id='word_1_236' title='bbox 1664 2966 1732 3041; x_wconf 91' lang='lat' dir='ltr'>sed</span> <span class='ocrx_word' id='word_1_237' title='bbox 1755 2980 1837 3041; x_wconf 90' lang='lat' dir='ltr'>erat</span> <span class='ocrx_word' id='word_1_238' title='bbox 1857 2967 1984 3041; x_wconf 90' lang='lat' dir='ltr'>adhuc</span> <span class='ocrx_word' id='word_1_239' title='bbox 2010 2964 2049 3041; x_wconf 96' lang='lat' dir='ltr'>in</span> <span class='ocrx_word' id='word_1_240' title='bbox 2072 2966 2138 3043; x_wconf 94' lang='lat' dir='ltr'>illo</span> <span class='ocrx_word' id='word_1_241' title='bbox 2160 2968 2264 3063; x_wconf 87' lang='lat' dir='ltr'>loco,</span> 
     </span>
     <span class='ocr_line' id='line_1_22' title="bbox 616 3072 2263 3175; baseline 0.003 -27"><span class='ocrx_word' id='word_1_242' title='bbox 616 3076 758 3149; x_wconf 90' lang='lat' dir='ltr'>Nonne</span> <span class='ocrx_word' id='word_1_243' title='bbox 775 3073 983 3148; x_wconf 91' lang='lat' dir='ltr'>duodecim</span> <span class='ocrx_word' id='word_1_244' title='bbox 1004 3088 1094 3148; x_wconf 92' lang='lat' dir='ltr'>sunt</span> <span class='ocrx_word' id='word_1_245' title='bbox 1110 3075 1216 3151; x_wconf 89' lang='lat' dir='ltr'>horae</span> <span class='ocrx_word' id='word_1_246' title='bbox 1238 3076 1313 3151; x_wconf 81' lang='lat' dir='ltr'>diei</span> <span class='ocrx_word' id='word_1_247' title='bbox 1336 3079 1353 3153; x_wconf 77' lang='grc'>1</span> <span class='ocrx_word' id='word_1_248' title='bbox 1375 3079 1413 3157; x_wconf 87' lang='lat' dir='ltr'>Si</span> <span class='ocrx_word' id='word_1_249' title='bbox 1468 3073 1534 3150; x_wconf 93' lang='lat' dir='ltr'>ubi</span> <span class='ocrx_word' id='word_1_250' title='bbox 1551 3080 1773 3149; x_wconf 81' lang='lat' dir='ltr'>occurrerat</span> <span class='ocrx_word' id='word_1_251' title='bbox 1786 3072 1819 3147; x_wconf 89' lang='lat' dir='ltr'>ei</span> <span class='ocrx_word' id='word_1_252' title='bbox 1834 3072 2000 3147; x_wconf 87' lang='lat' dir='ltr'>Martha.</span> <span class='ocrx_word' id='word_1_253' title='bbox 2018 3072 2142 3150; x_wconf 88' lang='lat' dir='ltr'>Judaei</span> <span class='ocrx_word' id='word_1_254' title='bbox 2158 3098 2263 3175; x_wconf 91' lang='lat' dir='ltr'>erg0,</span> 
     </span>
     <span class='ocr_line' id='line_1_23' title="bbox 617 3176 2268 3281; baseline 0.004 -28"><span class='ocrx_word' id='word_1_255' title='bbox 617 3177 702 3279; x_wconf 92' lang='lat' dir='ltr'>quis</span> <span class='ocrx_word' id='word_1_256' title='bbox 715 3179 971 3255; x_wconf 87' lang='lat' dir='ltr'>ambulaverit</span> <span class='ocrx_word' id='word_1_257' title='bbox 987 3178 1026 3253; x_wconf 91' lang='lat' dir='ltr'>in</span> <span class='ocrx_word' id='word_1_258' title='bbox 1047 3179 1123 3273; x_wconf 92' lang='lat' dir='ltr'>die,</span> <span class='ocrx_word' id='word_1_259' title='bbox 1142 3206 1222 3257; x_wconf 94' lang='lat' dir='ltr'>non</span> <span class='ocrx_word' id='word_1_260' title='bbox 1237 3184 1410 3280; x_wconf 79' lang='lat' dir='ltr'>offendit,</span> <span class='ocrx_word' id='word_1_261' title='bbox 1469 3178 1534 3281; x_wconf 92' lang='lat' dir='ltr'>qui</span> <span class='ocrx_word' id='word_1_262' title='bbox 1554 3193 1661 3254; x_wconf 88' lang='lat' dir='ltr'>erant</span> <span class='ocrx_word' id='word_1_263' title='bbox 1681 3204 1772 3254; x_wconf 91' lang='lat' dir='ltr'>cum</span> <span class='ocrx_word' id='word_1_264' title='bbox 1792 3202 1838 3253; x_wconf 92' lang='lat' dir='ltr'>ea</span> <span class='ocrx_word' id='word_1_265' title='bbox 1857 3176 1895 3253; x_wconf 93' lang='lat' dir='ltr'>in</span> <span class='ocrx_word' id='word_1_266' title='bbox 1919 3179 2056 3271; x_wconf 93' lang='lat' dir='ltr'>domo,</span> <span class='ocrx_word' id='word_1_267' title='bbox 2075 3184 2109 3255; x_wconf 87' lang='lat'>&amp;</span> <span class='ocrx_word' id='word_1_268' title='bbox 2129 3205 2268 3259; x_wconf 89' lang='lat' dir='ltr'>conso-</span> 
     </span>
     <span class='ocr_line' id='line_1_24' title="bbox 616 3283 2263 3386; baseline 0.003 -25"><span class='ocrx_word' id='word_1_269' title='bbox 616 3284 708 3386; x_wconf 90' lang='lat' dir='ltr'>quia</span> <span class='ocrx_word' id='word_1_270' title='bbox 742 3286 869 3361; x_wconf 92' lang='lat' dir='ltr'>lucem</span> <span class='ocrx_word' id='word_1_271' title='bbox 896 3288 1014 3385; x_wconf 86' lang='lat' dir='ltr'>hujus</span> <span class='ocrx_word' id='word_1_272' title='bbox 1047 3287 1183 3362; x_wconf 90' lang='lat' dir='ltr'>mundi</span> <span class='ocrx_word' id='word_1_273' title='bbox 1216 3288 1342 3367; x_wconf 87' lang='lat' dir='ltr'>videt:</span> <span class='ocrx_word' id='word_1_274' title='bbox 1380 3292 1412 3368; x_wconf 92' lang='lat' dir='ltr'>si</span> <span class='ocrx_word' id='word_1_275' title='bbox 1468 3289 1647 3363; x_wconf 87' lang='lat' dir='ltr'>labantur</span> <span class='ocrx_word' id='word_1_276' title='bbox 1660 3309 1759 3377; x_wconf 88' lang='lat' dir='ltr'>eam,</span> <span class='ocrx_word' id='word_1_277' title='bbox 1777 3309 1866 3359; x_wconf 93' lang='lat' dir='ltr'>cum</span> <span class='ocrx_word' id='word_1_278' title='bbox 1880 3283 2065 3359; x_wconf 90' lang='lat' dir='ltr'>vidissent</span> <span class='ocrx_word' id='word_1_279' title='bbox 2077 3287 2263 3385; x_wconf 87' lang='lat' dir='ltr'>Mariam,</span> 
     </span>
     <span class='ocr_line' id='line_1_25' title="bbox 617 3390 2269 3495; baseline 0.004 -28"><span class='ocrx_word' id='word_1_280' title='bbox 617 3406 747 3467; x_wconf 90' lang='lat' dir='ltr'>autem</span> <span class='ocrx_word' id='word_1_281' title='bbox 763 3393 1020 3469; x_wconf 65' lang='lat' dir='ltr'>ambulaverit</span> <span class='ocrx_word' id='word_1_282' title='bbox 1034 3393 1072 3469; x_wconf 95' lang='lat' dir='ltr'>in</span> <span class='ocrx_word' id='word_1_283' title='bbox 1093 3395 1218 3489; x_wconf 72' lang='lat' dir='ltr'>node,</span> <span class='ocrx_word' id='word_1_284' title='bbox 1237 3398 1409 3493; x_wconf 82' lang='lat' dir='ltr'>offendit,</span> <span class='ocrx_word' id='word_1_285' title='bbox 1468 3394 1559 3495; x_wconf 92' lang='lat' dir='ltr'>quia</span> <span class='ocrx_word' id='word_1_286' title='bbox 1577 3391 1653 3467; x_wconf 91' lang='lat' dir='ltr'>cito</span> <span class='ocrx_word' id='word_1_287' title='bbox 1676 3390 1889 3467; x_wconf 80' lang='lat' dir='ltr'>surrexit&amp;</span> <span class='ocrx_word' id='word_1_288' title='bbox 1910 3390 2012 3485; x_wconf 81' lang='lat' dir='ltr'>exiit,</span> <span class='ocrx_word' id='word_1_289' title='bbox 2034 3393 2153 3469; x_wconf 84' lang='lat' dir='ltr'>secuti</span> <span class='ocrx_word' id='word_1_290' title='bbox 2180 3415 2269 3473; x_wconf 92' lang='lat' dir='ltr'>sunt</span> 
     </span>
     <span class='ocr_line' id='line_1_26' title="bbox 615 3496 2265 3600; baseline 0.004 -26"><span class='ocrx_word' id='word_1_291' title='bbox 615 3497 707 3598; x_wconf 91' lang='lat' dir='ltr'>quia</span> <span class='ocrx_word' id='word_1_292' title='bbox 728 3498 794 3573; x_wconf 92' lang='lat' dir='ltr'>lux</span> <span class='ocrx_word' id='word_1_293' title='bbox 819 3523 898 3575; x_wconf 93' lang='lat' dir='ltr'>non</span> <span class='ocrx_word' id='word_1_294' title='bbox 920 3514 977 3575; x_wconf 91' lang='lat' dir='ltr'>est</span> <span class='ocrx_word' id='word_1_295' title='bbox 1002 3500 1041 3575; x_wconf 94' lang='lat' dir='ltr'>in</span> <span class='ocrx_word' id='word_1_296' title='bbox 1068 3526 1129 3575; x_wconf 92' lang='lat' dir='ltr'>eo.</span> <span class='ocrx_word' id='word_1_297' title='bbox 1155 3504 1252 3578; x_wconf 82' lang='lat' dir='ltr'>Haec</span> <span class='ocrx_word' id='word_1_298' title='bbox 1275 3504 1354 3600; x_wconf 87' lang='lat' dir='ltr'>ait;</span> <span class='ocrx_word' id='word_1_299' title='bbox 1379 3511 1412 3581; x_wconf 75' lang='grc' dir='ltr'>ἃ</span> <span class='ocrx_word' id='word_1_300' title='bbox 1468 3525 1568 3593; x_wconf 92' lang='lat' dir='ltr'>eam,</span> <span class='ocrx_word' id='word_1_301' title='bbox 1591 3498 1783 3573; x_wconf 82' lang='lat' dir='ltr'>dicentes:</span> <span class='ocrx_word' id='word_1_302' title='bbox 1811 3496 1913 3592; x_wconf 88' lang='lat' dir='ltr'>Quia</span> <span class='ocrx_word' id='word_1_303' title='bbox 1934 3496 2041 3573; x_wconf 92' lang='lat' dir='ltr'>vadit</span> <span class='ocrx_word' id='word_1_304' title='bbox 2062 3497 2112 3572; x_wconf 92' lang='lat' dir='ltr'>ad</span> <span class='ocrx_word' id='word_1_305' title='bbox 2132 3524 2265 3579; x_wconf 92' lang='lat' dir='ltr'>monu-</span> 
     </span>
     <span class='ocr_line' id='line_1_27' title="bbox 614 3603 2263 3708; baseline 0.004 -28"><span class='ocrx_word' id='word_1_306' title='bbox 614 3619 703 3706; x_wconf 94' lang='lat' dir='ltr'>post</span> <span class='ocrx_word' id='word_1_307' title='bbox 724 3605 807 3680; x_wconf 89' lang='lat' dir='ltr'>haec</span> <span class='ocrx_word' id='word_1_308' title='bbox 834 3605 928 3682; x_wconf 88' lang='lat' dir='ltr'>dixit</span> <span class='ocrx_word' id='word_1_309' title='bbox 954 3606 1031 3682; x_wconf 90' lang='lat' dir='ltr'>eis:</span> <span class='ocrx_word' id='word_1_310' title='bbox 1067 3611 1237 3684; x_wconf 77' lang='lat' dir='ltr'>Lazarus</span> <span class='ocrx_word' id='word_1_311' title='bbox 1262 3619 1412 3688; x_wconf 92' lang='lat' dir='ltr'>amicus</span> <span class='ocrx_word' id='word_1_312' title='bbox 1469 3615 1655 3700; x_wconf 81' lang='lat' dir='ltr'>mentum,</span> <span class='ocrx_word' id='word_1_313' title='bbox 1690 3620 1733 3680; x_wconf 94' lang='lat' dir='ltr'>ut</span> <span class='ocrx_word' id='word_1_314' title='bbox 1759 3605 1882 3705; x_wconf 90' lang='lat' dir='ltr'>ploret</span> <span class='ocrx_word' id='word_1_315' title='bbox 1907 3603 1973 3680; x_wconf 94' lang='lat' dir='ltr'>ibi.</span> <span class='ocrx_word' id='word_1_316' title='bbox 2006 3606 2132 3682; x_wconf 89' lang='lat' dir='ltr'>Maria</span> <span class='ocrx_word' id='word_1_317' title='bbox 2158 3633 2263 3708; x_wconf 90' lang='lat' dir='ltr'>erg0,</span> 
     </span>
     <span class='ocr_line' id='line_1_28' title="bbox 615 3711 2265 3807; baseline 0.005 -21"><span class='ocrx_word' id='word_1_318' title='bbox 615 3727 747 3788; x_wconf 90' lang='lat' dir='ltr'>noster</span> <span class='ocrx_word' id='word_1_319' title='bbox 765 3711 931 3788; x_wconf 89' lang='lat' dir='ltr'>dormit:</span> <span class='ocrx_word' id='word_1_320' title='bbox 956 3712 1025 3787; x_wconf 90' lang='lat' dir='ltr'>sed</span> <span class='ocrx_word' id='word_1_321' title='bbox 1039 3713 1144 3788; x_wconf 92' lang='lat' dir='ltr'>vado</span> <span class='ocrx_word' id='word_1_322' title='bbox 1162 3731 1205 3790; x_wconf 90' lang='lat' dir='ltr'>ut</span> <span class='ocrx_word' id='word_1_323' title='bbox 1226 3741 1250 3790; x_wconf 90' lang='lat' dir='ltr'>a</span> <span class='ocrx_word' id='word_1_324' title='bbox 1271 3741 1411 3795; x_wconf 92' lang='lat' dir='ltr'>somno</span> <span class='ocrx_word' id='word_1_325' title='bbox 1468 3739 1558 3791; x_wconf 91' lang='lat' dir='ltr'>cum</span> <span class='ocrx_word' id='word_1_326' title='bbox 1581 3719 1748 3788; x_wconf 89' lang='lat' dir='ltr'>venisset</span> <span class='ocrx_word' id='word_1_327' title='bbox 1769 3712 1836 3787; x_wconf 92' lang='lat' dir='ltr'>ubi</span> <span class='ocrx_word' id='word_1_328' title='bbox 1862 3727 1943 3787; x_wconf 88' lang='lat' dir='ltr'>erat</span> <span class='ocrx_word' id='word_1_329' title='bbox 1966 3715 2095 3807; x_wconf 88' lang='lat' dir='ltr'>Jesus,</span> <span class='ocrx_word' id='word_1_330' title='bbox 2129 3713 2265 3794; x_wconf 87' lang='lat' dir='ltr'>videns</span> 
     </span>
     <span class='ocr_line' id='line_1_29' title="bbox 614 3817 2263 3925; baseline 0.005 -33"><span class='ocrx_word' id='word_1_331' title='bbox 614 3817 782 3892; x_wconf 79' lang='lat' dir='ltr'>excitem</span> <span class='ocrx_word' id='word_1_332' title='bbox 804 3841 907 3893; x_wconf 90' lang='lat' dir='ltr'>eum.</span> <span class='ocrx_word' id='word_1_333' title='bbox 929 3817 1114 3894; x_wconf 78' lang='lat' dir='ltr'>Dixerunt</span> <span class='ocrx_word' id='word_1_334' title='bbox 1129 3845 1219 3920; x_wconf 90' lang='lat' dir='ltr'>ergo</span> <span class='ocrx_word' id='word_1_335' title='bbox 1234 3822 1411 3925; x_wconf 89' lang='lat' dir='ltr'>discipuli</span> <span class='ocrx_word' id='word_1_336' title='bbox 1468 3847 1571 3913; x_wconf 92' lang='lat' dir='ltr'>eum,</span> <span class='ocrx_word' id='word_1_337' title='bbox 1589 3817 1725 3894; x_wconf 79' lang='lat' dir='ltr'>cecidit</span> <span class='ocrx_word' id='word_1_338' title='bbox 1739 3818 1788 3894; x_wconf 89' lang='lat' dir='ltr'>ad</span> <span class='ocrx_word' id='word_1_339' title='bbox 1803 3817 1921 3918; x_wconf 91' lang='lat' dir='ltr'>pedes</span> <span class='ocrx_word' id='word_1_340' title='bbox 1937 3819 2031 3918; x_wconf 91' lang='lat' dir='ltr'>ejus,</span> <span class='ocrx_word' id='word_1_341' title='bbox 2047 3825 2081 3896; x_wconf 87' lang='lat'>&amp;</span> <span class='ocrx_word' id='word_1_342' title='bbox 2096 3820 2190 3898; x_wconf 90' lang='lat' dir='ltr'>dicit</span> <span class='ocrx_word' id='word_1_343' title='bbox 2204 3825 2237 3900; x_wconf 93' lang='lat' dir='ltr'>ei</span> <span class='ocrx_word' id='word_1_344' title='bbox 2255 3851 2263 3900; x_wconf 77' lang='grc' dir='ltr'>ε</span> 
     </span>
     <span class='ocr_line' id='line_1_30' title="bbox 614 3923 2265 4024; baseline 0.005 -26"><span class='ocrx_word' id='word_1_345' title='bbox 614 3927 720 4024; x_wconf 78' lang='lat' dir='ltr'>ejus:</span> <span class='ocrx_word' id='word_1_346' title='bbox 746 3923 924 4018; x_wconf 81' lang='lat' dir='ltr'>Domine,</span> <span class='ocrx_word' id='word_1_347' title='bbox 946 3924 978 3998; x_wconf 89' lang='lat' dir='ltr'>si</span> <span class='ocrx_word' id='word_1_348' title='bbox 998 3925 1155 4020; x_wconf 87' lang='lat' dir='ltr'>dormit,</span> <span class='ocrx_word' id='word_1_349' title='bbox 1176 3931 1306 4005; x_wconf 92' lang='lat' dir='ltr'>salvus</span> <span class='ocrx_word' id='word_1_350' title='bbox 1326 3932 1408 4008; x_wconf 91' lang='lat' dir='ltr'>erit.</span> <span class='ocrx_word' id='word_1_351' title='bbox 1468 3926 1646 4016; x_wconf 83' lang='lat' dir='ltr'>Domine,</span> <span class='ocrx_word' id='word_1_352' title='bbox 1665 3923 1695 3999; x_wconf 93' lang='lat' dir='ltr'>si</span> <span class='ocrx_word' id='word_1_353' title='bbox 1709 3925 1846 3999; x_wconf 87' lang='lat' dir='ltr'>luisses</span> <span class='ocrx_word' id='word_1_354' title='bbox 1858 3923 1932 4017; x_wconf 93' lang='lat' dir='ltr'>hic,</span> <span class='ocrx_word' id='word_1_355' title='bbox 1951 3950 2031 4000; x_wconf 93' lang='lat' dir='ltr'>non</span> <span class='ocrx_word' id='word_1_356' title='bbox 2046 3943 2148 4003; x_wconf 89' lang='lat' dir='ltr'>esset</span> <span class='ocrx_word' id='word_1_357' title='bbox 2165 3938 2265 4006; x_wconf 94' lang='lat' dir='ltr'>mor·</span> 
     </span>
     <span class='ocr_line' id='line_1_31' title="bbox 614 4031 2266 4138; baseline 0.005 -35"><span class='ocrx_word' id='word_1_358' title='bbox 614 4032 771 4105; x_wconf 90' lang='lat' dir='ltr'>Dixerat</span> <span class='ocrx_word' id='word_1_359' title='bbox 790 4046 919 4106; x_wconf 91' lang='lat' dir='ltr'>autem</span> <span class='ocrx_word' id='word_1_360' title='bbox 943 4033 1055 4107; x_wconf 89' lang='lat' dir='ltr'>Jesus</span> <span class='ocrx_word' id='word_1_361' title='bbox 1078 4034 1126 4108; x_wconf 91' lang='lat' dir='ltr'>de</span> <span class='ocrx_word' id='word_1_362' title='bbox 1153 4052 1278 4111; x_wconf 92' lang='lat' dir='ltr'>morte</span> <span class='ocrx_word' id='word_1_363' title='bbox 1299 4041 1380 4138; x_wconf 89' lang='lat' dir='ltr'>ejus</span> <span class='ocrx_word' id='word_1_364' title='bbox 1399 4069 1408 4134; x_wconf 80' lang='lat'>3</span> <span class='ocrx_word' id='word_1_365' title='bbox 1466 4051 1555 4111; x_wconf 90' lang='lat' dir='ltr'>tuus</span> <span class='ocrx_word' id='word_1_366' title='bbox 1576 4033 1691 4107; x_wconf 85' lang='lat' dir='ltr'>frater</span> <span class='ocrx_word' id='word_1_367' title='bbox 1710 4055 1833 4106; x_wconf 85' lang='lat' dir='ltr'>meus.</span> <span class='ocrx_word' id='word_1_368' title='bbox 1855 4031 1967 4106; x_wconf 91' lang='lat' dir='ltr'>Jesus</span> <span class='ocrx_word' id='word_1_369' title='bbox 1982 4057 2087 4130; x_wconf 91' lang='lat' dir='ltr'>ergo,</span> <span class='ocrx_word' id='word_1_370' title='bbox 2105 4049 2151 4110; x_wconf 91' lang='lat' dir='ltr'>ut</span> <span class='ocrx_word' id='word_1_371' title='bbox 2170 4035 2266 4112; x_wconf 86' lang='lat' dir='ltr'>vidit</span> 
     </span>
     <span class='ocr_line' id='line_1_32' title="bbox 613 4136 2267 4241; baseline 0.005 -31"><span class='ocrx_word' id='word_1_372' title='bbox 613 4136 665 4212; x_wconf 92' lang='lat' dir='ltr'>illi</span> <span class='ocrx_word' id='word_1_373' title='bbox 689 4151 817 4211; x_wconf 91' lang='lat' dir='ltr'>autem</span> <span class='ocrx_word' id='word_1_374' title='bbox 838 4147 1072 4236; x_wconf 77' lang='lat' dir='ltr'>putaverunt</span> <span class='ocrx_word' id='word_1_375' title='bbox 1093 4139 1184 4241; x_wconf 93' lang='lat' dir='ltr'>quia</span> <span class='ocrx_word' id='word_1_376' title='bbox 1203 4142 1250 4216; x_wconf 93' lang='lat' dir='ltr'>de</span> <span class='ocrx_word' id='word_1_377' title='bbox 1270 4143 1411 4220; x_wconf 91' lang='lat' dir='ltr'>dormi·</span> <span class='ocrx_word' id='word_1_378' title='bbox 1467 4165 1554 4216; x_wconf 89' lang='lat' dir='ltr'>eam</span> <span class='ocrx_word' id='word_1_379' title='bbox 1571 4139 1800 4239; x_wconf 88' lang='lat' dir='ltr'>plorantem,</span> <span class='ocrx_word' id='word_1_380' title='bbox 1822 4141 1856 4212; x_wconf 86' lang='lat'>&amp;</span> <span class='ocrx_word' id='word_1_381' title='bbox 1875 4136 2046 4232; x_wconf 86' lang='lat' dir='ltr'>ludaeos,</span> <span class='ocrx_word' id='word_1_382' title='bbox 2068 4140 2134 4237; x_wconf 92' lang='lat' dir='ltr'>qui</span> <span class='ocrx_word' id='word_1_383' title='bbox 2152 4150 2267 4218; x_wconf 82' lang='lat' dir='ltr'>vene-</span> 
     </span>
     <span class='ocr_line' id='line_1_33' title="bbox 613 4242 2265 4350; baseline 0.004 -32"><span class='ocrx_word' id='word_1_384' title='bbox 613 4242 716 4318; x_wconf 90' lang='lat' dir='ltr'>tione</span> <span class='ocrx_word' id='word_1_385' title='bbox 734 4243 861 4318; x_wconf 89' lang='lat' dir='ltr'>somni</span> <span class='ocrx_word' id='word_1_386' title='bbox 877 4244 1032 4322; x_wconf 91' lang='lat' dir='ltr'>diceret.</span> <span class='ocrx_word' id='word_1_387' title='bbox 1057 4249 1171 4322; x_wconf 89' lang='lat' dir='ltr'>Tunc</span> <span class='ocrx_word' id='word_1_388' title='bbox 1190 4273 1280 4347; x_wconf 91' lang='lat' dir='ltr'>ergo</span> <span class='ocrx_word' id='word_1_389' title='bbox 1297 4254 1410 4326; x_wconf 88' lang='lat' dir='ltr'>lesus</span> <span class='ocrx_word' id='word_1_390' title='bbox 1467 4261 1553 4322; x_wconf 92' lang='lat' dir='ltr'>rant</span> <span class='ocrx_word' id='word_1_391' title='bbox 1571 4269 1660 4320; x_wconf 92' lang='lat' dir='ltr'>cum</span> <span class='ocrx_word' id='word_1_392' title='bbox 1676 4269 1735 4336; x_wconf 91' lang='lat' dir='ltr'>ea,</span> <span class='ocrx_word' id='word_1_393' title='bbox 1753 4244 1964 4342; x_wconf 78' lang='lat' dir='ltr'>plorantes,</span> <span class='ocrx_word' id='word_1_394' title='bbox 1984 4244 2181 4323; x_wconf 81' lang='lat' dir='ltr'>infremuit</span> <span class='ocrx_word' id='word_1_395' title='bbox 2194 4257 2265 4350; x_wconf 87' lang='lat' dir='ltr'>spi-</span> 
     </span>
     <span class='ocr_line' id='line_1_34' title="bbox 613 4346 2261 4450; baseline 0.007 -29"><span class='ocrx_word' id='word_1_396' title='bbox 613 4346 707 4423; x_wconf 91' lang='lat' dir='ltr'>dixit</span> <span class='ocrx_word' id='word_1_397' title='bbox 722 4347 777 4423; x_wconf 92' lang='lat' dir='ltr'>eis</span> <span class='ocrx_word' id='word_1_398' title='bbox 797 4348 1019 4428; x_wconf 83' lang='lat' dir='ltr'>manifeste:</span> <span class='ocrx_word' id='word_1_399' title='bbox 1041 4356 1211 4429; x_wconf 79' lang='lat' dir='ltr'>Lazarus</span> <span class='ocrx_word' id='word_1_400' title='bbox 1232 4364 1410 4433; x_wconf 90' lang='lat' dir='ltr'>mortuus</span> <span class='ocrx_word' id='word_1_401' title='bbox 1467 4353 1554 4446; x_wconf 91' lang='lat' dir='ltr'>ritu,</span> <span class='ocrx_word' id='word_1_402' title='bbox 1586 4355 1618 4426; x_wconf 78' lang='lat' dir='ltr'>ot</span> <span class='ocrx_word' id='word_1_403' title='bbox 1645 4349 1813 4427; x_wconf 86' lang='lat' dir='ltr'>turbavit</span> <span class='ocrx_word' id='word_1_404' title='bbox 1843 4357 2031 4450; x_wconf 88' lang='lat' dir='ltr'>seipsum,</span> <span class='ocrx_word' id='word_1_405' title='bbox 2062 4359 2096 4428; x_wconf 76' lang='grc'>8(</span> <span class='ocrx_word' id='word_1_406' title='bbox 2125 4354 2222 4432; x_wconf 94' lang='lat' dir='ltr'>dixit</span> <span class='ocrx_word' id='word_1_407' title='bbox 2253 4383 2261 4433; x_wconf 73' lang='grc' dir='ltr'><strong>ι</strong></span> 
     </span>
     <span class='ocr_line' id='line_1_35' title="bbox 612 4455 2264 4558; baseline 0.005 -30"><span class='ocrx_word' id='word_1_408' title='bbox 612 4470 671 4530; x_wconf 87' lang='lat' dir='ltr'>est</span> <span class='ocrx_word' id='word_1_409' title='bbox 697 4481 705 4529; x_wconf 94' lang='lat'>:</span> <span class='ocrx_word' id='word_1_410' title='bbox 734 4455 939 4554; x_wconf 82' lang='lat' dir='ltr'>&amp;gaudeo</span> <span class='ocrx_word' id='word_1_411' title='bbox 959 4473 1118 4558; x_wconf 92' lang='lat' dir='ltr'>propter</span> <span class='ocrx_word' id='word_1_412' title='bbox 1143 4484 1229 4554; x_wconf 87' lang='lat' dir='ltr'>vos,</span> <span class='ocrx_word' id='word_1_413' title='bbox 1259 4477 1302 4538; x_wconf 92' lang='lat' dir='ltr'>ut</span> <span class='ocrx_word' id='word_1_414' title='bbox 1326 4487 1404 4538; x_wconf 92' lang='lat' dir='ltr'>cre·</span> <span class='ocrx_word' id='word_1_415' title='bbox 1466 4459 1538 4536; x_wconf 93' lang='lat' dir='ltr'>Ubi</span> <span class='ocrx_word' id='word_1_416' title='bbox 1558 4459 1738 4558; x_wconf 87' lang='lat' dir='ltr'>posuistis</span> <span class='ocrx_word' id='word_1_417' title='bbox 1756 4457 1872 4532; x_wconf 77' lang='lat' dir='ltr'>euml</span> <span class='ocrx_word' id='word_1_418' title='bbox 1889 4457 2031 4536; x_wconf 85' lang='lat' dir='ltr'>Dicunt</span> <span class='ocrx_word' id='word_1_419' title='bbox 2045 4458 2104 4534; x_wconf 93' lang='lat' dir='ltr'>ei:</span> <span class='ocrx_word' id='word_1_420' title='bbox 2127 4461 2264 4538; x_wconf 89' lang='lat' dir='ltr'>Domi·</span> 
     </span>
     <span class='ocr_line' id='line_1_36' title="bbox 613 4559 2265 4666; baseline 0.005 -31"><span class='ocrx_word' id='word_1_421' title='bbox 613 4559 724 4653; x_wconf 86' lang='lat' dir='ltr'>datis,</span> <span class='ocrx_word' id='word_1_422' title='bbox 754 4560 941 4660; x_wconf 89' lang='lat' dir='ltr'>quoniam</span> <span class='ocrx_word' id='word_1_423' title='bbox 969 4587 1048 4638; x_wconf 93' lang='lat' dir='ltr'>non</span> <span class='ocrx_word' id='word_1_424' title='bbox 1084 4589 1190 4642; x_wconf 91' lang='lat' dir='ltr'>eram</span> <span class='ocrx_word' id='word_1_425' title='bbox 1220 4567 1272 4642; x_wconf 94' lang='lat' dir='ltr'>ibi</span> <span class='ocrx_word' id='word_1_426' title='bbox 1303 4597 1311 4644; x_wconf 93' lang='lat'>:</span> <span class='ocrx_word' id='word_1_427' title='bbox 1342 4573 1410 4646; x_wconf 91' lang='lat' dir='ltr'>sed</span> <span class='ocrx_word' id='word_1_428' title='bbox 1466 4591 1527 4660; x_wconf 84' lang='lat' dir='ltr'>ne,</span> <span class='ocrx_word' id='word_1_429' title='bbox 1554 4565 1657 4658; x_wconf 84' lang='lat' dir='ltr'>veni,</span> <span class='ocrx_word' id='word_1_430' title='bbox 1683 4569 1717 4640; x_wconf 77' lang='lat' dir='ltr'>or</span> <span class='ocrx_word' id='word_1_431' title='bbox 1741 4563 1846 4639; x_wconf 89' lang='lat' dir='ltr'>vide.</span> <span class='ocrx_word' id='word_1_432' title='bbox 1872 4567 1922 4640; x_wconf 88' lang='lat' dir='ltr'>Et</span> <span class='ocrx_word' id='word_1_433' title='bbox 1943 4567 2183 4666; x_wconf 75' lang='lat' dir='ltr'>lacrymatus</span> <span class='ocrx_word' id='word_1_434' title='bbox 2208 4585 2265 4644; x_wconf 90' lang='lat' dir='ltr'>est</span> 
     </span>
     <span class='ocr_line' id='line_1_37' title="bbox 612 4666 2262 4770; baseline 0.007 -30"><span class='ocrx_word' id='word_1_435' title='bbox 612 4674 747 4741; x_wconf 87' lang='lat' dir='ltr'>eamus</span> <span class='ocrx_word' id='word_1_436' title='bbox 770 4666 821 4741; x_wconf 91' lang='lat' dir='ltr'>ad</span> <span class='ocrx_word' id='word_1_437' title='bbox 844 4691 948 4744; x_wconf 90' lang='lat' dir='ltr'>eum.</span> <span class='ocrx_word' id='word_1_438' title='bbox 978 4669 1081 4745; x_wconf 90' lang='lat' dir='ltr'>Dixit</span> <span class='ocrx_word' id='word_1_439' title='bbox 1103 4696 1195 4770; x_wconf 88' lang='lat' dir='ltr'>ergo</span> <span class='ocrx_word' id='word_1_440' title='bbox 1216 4675 1405 4770; x_wconf 90' lang='lat' dir='ltr'>Thomas,</span> <span class='ocrx_word' id='word_1_441' title='bbox 1464 4675 1588 4749; x_wconf 80' lang='lat' dir='ltr'>Jesus</span> <span class='ocrx_word' id='word_1_442' title='bbox 1625 4669 1811 4748; x_wconf 77' lang='lat' dir='ltr'>Dixerunt</span> <span class='ocrx_word' id='word_1_443' title='bbox 1845 4695 1940 4769; x_wconf 89' lang='lat' dir='ltr'>ergo</span> <span class='ocrx_word' id='word_1_444' title='bbox 1972 4671 2121 4749; x_wconf 75' lang='lat' dir='ltr'>ludaei:</span> <span class='ocrx_word' id='word_1_445' title='bbox 2161 4677 2262 4751; x_wconf 91' lang='lat' dir='ltr'>Ecce</span> 
     </span>
     <span class='ocr_line' id='line_1_38' title="bbox 611 4771 2264 4883; baseline 0.006 -37"><span class='ocrx_word' id='word_1_446' title='bbox 611 4772 677 4872; x_wconf 89' lang='lat' dir='ltr'>qui</span> <span class='ocrx_word' id='word_1_447' title='bbox 696 4771 836 4848; x_wconf 89' lang='lat' dir='ltr'>dicitur</span> <span class='ocrx_word' id='word_1_448' title='bbox 857 4774 1068 4874; x_wconf 89' lang='lat' dir='ltr'>Dydimus,</span> <span class='ocrx_word' id='word_1_449' title='bbox 1094 4777 1143 4853; x_wconf 90' lang='lat' dir='ltr'>ad</span> <span class='ocrx_word' id='word_1_450' title='bbox 1168 4780 1410 4883; x_wconf 89' lang='lat' dir='ltr'>condiscipu-</span> <span class='ocrx_word' id='word_1_451' title='bbox 1465 4777 1665 4880; x_wconf 92' lang='lat' dir='ltr'>quomodo</span> <span class='ocrx_word' id='word_1_452' title='bbox 1689 4779 1846 4852; x_wconf 88' lang='lat' dir='ltr'>amabat</span> <span class='ocrx_word' id='word_1_453' title='bbox 1872 4802 1976 4852; x_wconf 90' lang='lat' dir='ltr'>eum.</span> <span class='ocrx_word' id='word_1_454' title='bbox 2002 4779 2177 4874; x_wconf 91' lang='lat' dir='ltr'>Quidam</span> <span class='ocrx_word' id='word_1_455' title='bbox 2199 4807 2264 4858; x_wconf 85' lang='lat' dir='ltr'>au·</span> 
     </span>
     <span class='ocr_line' id='line_1_39' title="bbox 611 4881 2263 4986; baseline 0.005 -33"><span class='ocrx_word' id='word_1_456' title='bbox 611 4881 694 4954; x_wconf 90' lang='lat' dir='ltr'>los:</span> <span class='ocrx_word' id='word_1_457' title='bbox 715 4882 1012 4976; x_wconf 77' lang='lat' dir='ltr'>Eamusamos,</span> <span class='ocrx_word' id='word_1_458' title='bbox 1030 4899 1073 4959; x_wconf 93' lang='lat' dir='ltr'>ut</span> <span class='ocrx_word' id='word_1_459' title='bbox 1087 4885 1304 4963; x_wconf 84' lang='lat' dir='ltr'>moriamur</span> <span class='ocrx_word' id='word_1_460' title='bbox 1316 4914 1408 4966; x_wconf 90' lang='lat' dir='ltr'>curn</span> <span class='ocrx_word' id='word_1_461' title='bbox 1465 4902 1540 4962; x_wconf 89' lang='lat' dir='ltr'>tem</span> <span class='ocrx_word' id='word_1_462' title='bbox 1569 4909 1616 4959; x_wconf 90' lang='lat' dir='ltr'>ex</span> <span class='ocrx_word' id='word_1_463' title='bbox 1637 4881 1729 4983; x_wconf 91' lang='lat' dir='ltr'>ipsis</span> <span class='ocrx_word' id='word_1_464' title='bbox 1754 4883 1966 4960; x_wconf 81' lang='lat' dir='ltr'>dixerunt:</span> <span class='ocrx_word' id='word_1_465' title='bbox 1994 4885 2086 4962; x_wconf 91' lang='lat' dir='ltr'>Non</span> <span class='ocrx_word' id='word_1_466' title='bbox 2113 4896 2263 4986; x_wconf 87' lang='lat' dir='ltr'>poterat</span> 
     </span>
     <span class='ocr_line' id='line_1_40' title="bbox 610 4986 2260 5090; baseline 0.004 -30"><span class='ocrx_word' id='word_1_467' title='bbox 610 5009 671 5061; x_wconf 91' lang='lat' dir='ltr'>eo.</span> <span class='ocrx_word' id='word_1_468' title='bbox 692 4986 806 5062; x_wconf 94' lang='lat' dir='ltr'>Venit</span> <span class='ocrx_word' id='word_1_469' title='bbox 822 4992 1090 5088; x_wconf 86' lang='lat' dir='ltr'>itaquelesus,</span> <span class='ocrx_word' id='word_1_470' title='bbox 1106 4997 1140 5068; x_wconf 78' lang='lat' dir='ltr'>at</span> <span class='ocrx_word' id='word_1_471' title='bbox 1154 4992 1300 5072; x_wconf 81' lang='lat' dir='ltr'>invenit</span> <span class='ocrx_word' id='word_1_472' title='bbox 1318 5022 1407 5073; x_wconf 92' lang='lat' dir='ltr'>eum</span> <span class='ocrx_word' id='word_1_473' title='bbox 1464 4992 1539 5086; x_wconf 92' lang='lat' dir='ltr'>hic,</span> <span class='ocrx_word' id='word_1_474' title='bbox 1564 4989 1629 5089; x_wconf 92' lang='lat' dir='ltr'>qui</span> <span class='ocrx_word' id='word_1_475' title='bbox 1653 4987 1800 5090; x_wconf 79' lang='lat' dir='ltr'>aperuit</span> <span class='ocrx_word' id='word_1_476' title='bbox 1819 4991 1953 5065; x_wconf 91' lang='lat' dir='ltr'>oculos</span> <span class='ocrx_word' id='word_1_477' title='bbox 1978 4991 2069 5066; x_wconf 87' lang='lat' dir='ltr'>caeci</span> <span class='ocrx_word' id='word_1_478' title='bbox 2091 4992 2185 5086; x_wconf 89' lang='lat' dir='ltr'>nati,</span> <span class='ocrx_word' id='word_1_479' title='bbox 2204 4995 2260 5068; x_wconf 83' lang='lat' dir='ltr'>fa·</span> 
     </span>
     <span class='ocr_line' id='line_1_41' title="bbox 610 5093 2261 5194; baseline 0.004 -28"><span class='ocrx_word' id='word_1_480' title='bbox 610 5099 778 5192; x_wconf 88' lang='lat' dir='ltr'>quatuor</span> <span class='ocrx_word' id='word_1_481' title='bbox 799 5093 881 5168; x_wconf 90' lang='lat' dir='ltr'>dies</span> <span class='ocrx_word' id='word_1_482' title='bbox 902 5097 981 5194; x_wconf 81' lang='lat' dir='ltr'>Jam</span> <span class='ocrx_word' id='word_1_483' title='bbox 1004 5096 1044 5172; x_wconf 94' lang='lat' dir='ltr'>in</span> <span class='ocrx_word' id='word_1_484' title='bbox 1067 5108 1322 5178; x_wconf 77' lang='lat' dir='ltr'>monumento</span> <span class='ocrx_word' id='word_1_485' title='bbox 1344 5103 1408 5178; x_wconf 92' lang='lat' dir='ltr'>ha·</span> <span class='ocrx_word' id='word_1_486' title='bbox 1464 5124 1550 5176; x_wconf 92' lang='lat' dir='ltr'>cere</span> <span class='ocrx_word' id='word_1_487' title='bbox 1584 5111 1626 5174; x_wconf 91' lang='lat' dir='ltr'>ut</span> <span class='ocrx_word' id='word_1_488' title='bbox 1657 5097 1720 5172; x_wconf 94' lang='lat' dir='ltr'>hic</span> <span class='ocrx_word' id='word_1_489' title='bbox 1753 5121 1831 5172; x_wconf 93' lang='lat' dir='ltr'>non</span> <span class='ocrx_word' id='word_1_490' title='bbox 1863 5099 2119 5174; x_wconf 84' lang='lat' dir='ltr'>moreretur?</span> <span class='ocrx_word' id='word_1_491' title='bbox 2151 5101 2261 5176; x_wconf 90' lang='lat' dir='ltr'>Jesus</span> 
     </span>
     <span class='ocr_line' id='line_1_42' title="bbox 611 5200 2260 5310; baseline 0.004 -36"><span class='ocrx_word' id='word_1_492' title='bbox 611 5200 778 5274; x_wconf 77' lang='lat' dir='ltr'>bentem.</span> <span class='ocrx_word' id='word_1_493' title='bbox 816 5201 909 5276; x_wconf 88' lang='lat' dir='ltr'>Erat</span> <span class='ocrx_word' id='word_1_494' title='bbox 932 5217 1061 5279; x_wconf 91' lang='lat' dir='ltr'>autem</span> <span class='ocrx_word' id='word_1_495' title='bbox 1091 5205 1277 5282; x_wconf 89' lang='lat' dir='ltr'>Bethania</span> <span class='ocrx_word' id='word_1_496' title='bbox 1303 5211 1408 5310; x_wconf 87' lang='lat' dir='ltr'>juxta</span> <span class='ocrx_word' id='word_1_497' title='bbox 1463 5231 1533 5306; x_wconf 90' lang='lat' dir='ltr'>ego</span> <span class='ocrx_word' id='word_1_498' title='bbox 1550 5229 1704 5280; x_wconf 86' lang='lat' dir='ltr'>rursum</span> <span class='ocrx_word' id='word_1_499' title='bbox 1718 5203 1885 5278; x_wconf 84' lang='lat' dir='ltr'>fremens</span> <span class='ocrx_word' id='word_1_500' title='bbox 1900 5203 1938 5280; x_wconf 93' lang='lat' dir='ltr'>in</span> <span class='ocrx_word' id='word_1_501' title='bbox 1959 5211 2181 5304; x_wconf 88' lang='lat' dir='ltr'>semetips0,</span> <span class='ocrx_word' id='word_1_502' title='bbox 2195 5232 2260 5282; x_wconf 90' lang='lat' dir='ltr'>ve-</span> 
     </span>
     <span class='ocr_line' id='line_1_43' title="bbox 609 5307 2261 5414; baseline 0.004 -32"><span class='ocrx_word' id='word_1_503' title='bbox 609 5307 894 5407; x_wconf 79' lang='lat' dir='ltr'>lerosolymam</span> <span class='ocrx_word' id='word_1_504' title='bbox 936 5309 1047 5409; x_wconf 89' lang='lat' dir='ltr'>quasi</span> <span class='ocrx_word' id='word_1_505' title='bbox 1080 5311 1212 5387; x_wconf 86' lang='lat' dir='ltr'>stadiis</span> <span class='ocrx_word' id='word_1_506' title='bbox 1243 5317 1406 5414; x_wconf 90' lang='lat' dir='ltr'>quinde-</span> <span class='ocrx_word' id='word_1_507' title='bbox 1463 5311 1518 5388; x_wconf 95' lang='lat' dir='ltr'>nit</span> <span class='ocrx_word' id='word_1_508' title='bbox 1533 5311 1582 5386; x_wconf 92' lang='lat' dir='ltr'>ad</span> <span class='ocrx_word' id='word_1_509' title='bbox 1598 5316 1908 5386; x_wconf 83' lang='lat' dir='ltr'>monumentum.</span> <span class='ocrx_word' id='word_1_510' title='bbox 1927 5312 2021 5386; x_wconf 91' lang='lat' dir='ltr'>Erat</span> <span class='ocrx_word' id='word_1_511' title='bbox 2035 5327 2165 5387; x_wconf 87' lang='lat' dir='ltr'>autem</span> <span class='ocrx_word' id='word_1_512' title='bbox 2182 5337 2261 5412; x_wconf 92' lang='lat' dir='ltr'>spe-</span> 
     </span>
     <span class='ocr_line' id='line_1_44' title="bbox 610 5411 2257 5516; baseline 0.002 -28"><span class='ocrx_word' id='word_1_513' title='bbox 610 5411 699 5488; x_wconf 90' lang='lat' dir='ltr'>cim.</span> <span class='ocrx_word' id='word_1_514' title='bbox 720 5414 833 5490; x_wconf 87' lang='lat' dir='ltr'>Multi</span> <span class='ocrx_word' id='word_1_515' title='bbox 848 5430 976 5491; x_wconf 90' lang='lat' dir='ltr'>autem</span> <span class='ocrx_word' id='word_1_516' title='bbox 992 5442 1038 5491; x_wconf 89' lang='lat' dir='ltr'>ex</span> <span class='ocrx_word' id='word_1_517' title='bbox 1057 5417 1201 5494; x_wconf 85' lang='lat' dir='ltr'>ludaeis</span> <span class='ocrx_word' id='word_1_518' title='bbox 1222 5429 1408 5496; x_wconf 82' lang='lat' dir='ltr'>venerant</span> <span class='ocrx_word' id='word_1_519' title='bbox 1462 5419 1577 5494; x_wconf 84' lang='lat' dir='ltr'>litnca</span> <span class='ocrx_word' id='word_1_520' title='bbox 1600 5444 1607 5492; x_wconf 92' lang='lat'>:</span> <span class='ocrx_word' id='word_1_521' title='bbox 1634 5420 1666 5491; x_wconf 77' lang='lat' dir='ltr'>a&lt;</span> <span class='ocrx_word' id='word_1_522' title='bbox 1690 5415 1787 5515; x_wconf 88' lang='lat' dir='ltr'>lapis</span> <span class='ocrx_word' id='word_1_523' title='bbox 1811 5415 2075 5516; x_wconf 90' lang='lat' dir='ltr'>superpositus</span> <span class='ocrx_word' id='word_1_524' title='bbox 2103 5433 2185 5494; x_wconf 92' lang='lat' dir='ltr'>erat</span> <span class='ocrx_word' id='word_1_525' title='bbox 2212 5417 2257 5493; x_wconf 90' lang='lat' dir='ltr'>ei.</span> 
     </span>
     <span class='ocr_line' id='line_1_45' title="bbox 609 5519 2259 5622; baseline 0.002 -28"><span class='ocrx_word' id='word_1_526' title='bbox 609 5519 660 5594; x_wconf 92' lang='lat' dir='ltr'>ad</span> <span class='ocrx_word' id='word_1_527' title='bbox 687 5521 898 5616; x_wconf 90' lang='lat' dir='ltr'>Martham,</span> <span class='ocrx_word' id='word_1_528' title='bbox 925 5526 960 5598; x_wconf 79' lang='lat' dir='ltr'>ar</span> <span class='ocrx_word' id='word_1_529' title='bbox 990 5524 1172 5618; x_wconf 90' lang='lat' dir='ltr'>Mariam,</span> <span class='ocrx_word' id='word_1_530' title='bbox 1202 5540 1246 5601; x_wconf 93' lang='lat' dir='ltr'>ut</span> <span class='ocrx_word' id='word_1_531' title='bbox 1271 5550 1407 5603; x_wconf 90' lang='lat' dir='ltr'>conso·</span> <span class='ocrx_word' id='word_1_532' title='bbox 1462 5523 1525 5600; x_wconf 90' lang='lat' dir='ltr'>Ait</span> <span class='ocrx_word' id='word_1_533' title='bbox 1550 5525 1664 5600; x_wconf 89' lang='lat' dir='ltr'>lesus</span> <span class='ocrx_word' id='word_1_534' title='bbox 1685 5546 1693 5596; x_wconf 91' lang='lat'>:</span> <span class='ocrx_word' id='word_1_535' title='bbox 1717 5520 1856 5598; x_wconf 88' lang='lat' dir='ltr'>Tollite</span> <span class='ocrx_word' id='word_1_536' title='bbox 1884 5521 2067 5622; x_wconf 85' lang='lat' dir='ltr'>lapidem.</span> <span class='ocrx_word' id='word_1_537' title='bbox 2099 5523 2200 5600; x_wconf 89' lang='lat' dir='ltr'>Dicit</span> <span class='ocrx_word' id='word_1_538' title='bbox 2227 5524 2259 5598; x_wconf 89' lang='lat' dir='ltr'>ei</span> 
     </span>
     <span class='ocr_line' id='line_1_46' title="bbox 608 5629 2258 5730; baseline 0.001 -26"><span class='ocrx_word' id='word_1_539' title='bbox 608 5629 779 5707; x_wconf 78' lang='lat' dir='ltr'>tarentur</span> <span class='ocrx_word' id='word_1_540' title='bbox 792 5654 858 5706; x_wconf 90' lang='lat' dir='ltr'>eas</span> <span class='ocrx_word' id='word_1_541' title='bbox 875 5629 923 5707; x_wconf 92' lang='lat' dir='ltr'>de</span> <span class='ocrx_word' id='word_1_542' title='bbox 937 5629 1052 5706; x_wconf 85' lang='lat' dir='ltr'>fratre</span> <span class='ocrx_word' id='word_1_543' title='bbox 1070 5655 1154 5709; x_wconf 90' lang='lat' dir='ltr'>suo.</span> <span class='ocrx_word' id='word_1_544' title='bbox 1175 5634 1332 5709; x_wconf 87' lang='lat' dir='ltr'>Martha</span> <span class='ocrx_word' id='word_1_545' title='bbox 1353 5659 1408 5708; x_wconf 92' lang='lat' dir='ltr'>er·</span> <span class='ocrx_word' id='word_1_546' title='bbox 1462 5631 1631 5724; x_wconf 88' lang='lat' dir='ltr'>Martha,</span> <span class='ocrx_word' id='word_1_547' title='bbox 1682 5653 1793 5705; x_wconf 89' lang='lat' dir='ltr'>soror</span> <span class='ocrx_word' id='word_1_548' title='bbox 1835 5631 1917 5729; x_wconf 91' lang='lat' dir='ltr'>ejus</span> <span class='ocrx_word' id='word_1_549' title='bbox 1965 5631 2030 5730; x_wconf 94' lang='lat' dir='ltr'>qui</span> <span class='ocrx_word' id='word_1_550' title='bbox 2081 5638 2258 5706; x_wconf 90' lang='lat' dir='ltr'>mortuus</span> 
     </span>
     <span class='ocr_line' id='line_1_47' title="bbox 608 5735 2257 5839; baseline -0.002 -24"><span class='ocrx_word' id='word_1_551' title='bbox 608 5761 657 5838; x_wconf 93' lang='lat' dir='ltr'>go</span> <span class='ocrx_word' id='word_1_552' title='bbox 686 5753 730 5814; x_wconf 91' lang='lat' dir='ltr'>ut</span> <span class='ocrx_word' id='word_1_553' title='bbox 759 5737 906 5814; x_wconf 89' lang='lat' dir='ltr'>audivit</span> <span class='ocrx_word' id='word_1_554' title='bbox 932 5737 1023 5839; x_wconf 91' lang='lat' dir='ltr'>quia</span> <span class='ocrx_word' id='word_1_555' title='bbox 1048 5741 1161 5816; x_wconf 90' lang='lat' dir='ltr'>Jesus</span> <span class='ocrx_word' id='word_1_556' title='bbox 1191 5738 1312 5834; x_wconf 90' lang='lat' dir='ltr'>venit,</span> <span class='ocrx_word' id='word_1_557' title='bbox 1345 5763 1406 5816; x_wconf 92' lang='lat' dir='ltr'>oc·</span> <span class='ocrx_word' id='word_1_558' title='bbox 1461 5738 1614 5812; x_wconf 84' lang='lat' dir='ltr'>fuerat:</span> <span class='ocrx_word' id='word_1_559' title='bbox 1642 5735 1822 5828; x_wconf 90' lang='lat' dir='ltr'>Domine,</span> <span class='ocrx_word' id='word_1_560' title='bbox 1854 5736 1932 5834; x_wconf 86' lang='lat' dir='ltr'>jam</span> <span class='ocrx_word' id='word_1_561' title='bbox 1963 5736 2086 5830; x_wconf 87' lang='lat' dir='ltr'>foetet,</span> <span class='ocrx_word' id='word_1_562' title='bbox 2116 5737 2257 5838; x_wconf 88' lang='lat' dir='ltr'>quatri·</span> 
     </span>
     <span class='ocr_line' id='line_1_48' title="bbox 608 5842 2255 5941; baseline -0.001 -21"><span class='ocrx_word' id='word_1_563' title='bbox 608 5844 725 5920; x_wconf 80' lang='lat' dir='ltr'>currit</span> <span class='ocrx_word' id='word_1_564' title='bbox 737 5844 789 5921; x_wconf 93' lang='lat' dir='ltr'>illi</span> <span class='ocrx_word' id='word_1_565' title='bbox 796 5847 950 5941; x_wconf 78' lang='lat' dir='ltr'>3Maria</span> <span class='ocrx_word' id='word_1_566' title='bbox 965 5860 1095 5922; x_wconf 89' lang='lat' dir='ltr'>autem</span> <span class='ocrx_word' id='word_1_567' title='bbox 1109 5845 1217 5921; x_wconf 94' lang='lat' dir='ltr'>domi</span> <span class='ocrx_word' id='word_1_568' title='bbox 1231 5847 1402 5923; x_wconf 80' lang='lat' dir='ltr'>sedebat.</span> <span class='ocrx_word' id='word_1_569' title='bbox 1462 5845 1613 5921; x_wconf 90' lang='lat' dir='ltr'>duanus</span> <span class='ocrx_word' id='word_1_570' title='bbox 1647 5857 1704 5919; x_wconf 91' lang='lat' dir='ltr'>est</span> <span class='ocrx_word' id='word_1_571' title='bbox 1734 5842 1851 5918; x_wconf 90' lang='lat' dir='ltr'>enim.</span> <span class='ocrx_word' id='word_1_572' title='bbox 1890 5842 1991 5920; x_wconf 90' lang='lat' dir='ltr'>Dicit</span> <span class='ocrx_word' id='word_1_573' title='bbox 2027 5843 2063 5920; x_wconf 90' lang='lat' dir='ltr'>ei</span> <span class='ocrx_word' id='word_1_574' title='bbox 2103 5847 2255 5922; x_wconf 86' lang='lat' dir='ltr'>lesus:</span> 
     </span>
     <span class='ocr_line' id='line_1_49' title="bbox 607 5948 2259 6051; baseline -0.001 -24"><span class='ocrx_word' id='word_1_575' title='bbox 607 5949 712 6028; x_wconf 81' lang='lat' dir='ltr'>Dixit</span> <span class='ocrx_word' id='word_1_576' title='bbox 734 5977 824 6051; x_wconf 90' lang='lat' dir='ltr'>ergo</span> <span class='ocrx_word' id='word_1_577' title='bbox 845 5953 1000 6028; x_wconf 89' lang='lat' dir='ltr'>Martha</span> <span class='ocrx_word' id='word_1_578' title='bbox 1019 5952 1070 6028; x_wconf 90' lang='lat' dir='ltr'>ad</span> <span class='ocrx_word' id='word_1_579' title='bbox 1087 5955 1248 6030; x_wconf 86' lang='lat' dir='ltr'>lesum:</span> <span class='ocrx_word' id='word_1_580' title='bbox 1274 5953 1406 6030; x_wconf 92' lang='lat' dir='ltr'>Domi·</span> <span class='ocrx_word' id='word_1_581' title='bbox 1461 5955 1601 6029; x_wconf 92' lang='lat' dir='ltr'>Nonne</span> <span class='ocrx_word' id='word_1_582' title='bbox 1623 5949 1700 6026; x_wconf 87' lang='lat' dir='ltr'>dixi</span> <span class='ocrx_word' id='word_1_583' title='bbox 1720 5948 1799 6042; x_wconf 92' lang='lat' dir='ltr'>tibi,</span> <span class='ocrx_word' id='word_1_584' title='bbox 1826 5949 2013 6050; x_wconf 87' lang='lat' dir='ltr'>quoniam</span> <span class='ocrx_word' id='word_1_585' title='bbox 2036 5949 2067 6026; x_wconf 87' lang='lat' dir='ltr'>si</span> <span class='ocrx_word' id='word_1_586' title='bbox 2091 5951 2259 6026; x_wconf 89' lang='lat' dir='ltr'>credide·</span> 
     </span>
     <span class='ocr_line' id='line_1_50' title="bbox 606 6055 2258 6154; baseline 0 -20"><span class='ocrx_word' id='word_1_587' title='bbox 606 6081 669 6153; x_wconf 91' lang='lat' dir='ltr'>ne,</span> <span class='ocrx_word' id='word_1_588' title='bbox 702 6056 895 6134; x_wconf 87' lang='lat' dir='ltr'>siluisses</span> <span class='ocrx_word' id='word_1_589' title='bbox 921 6057 998 6152; x_wconf 90' lang='lat' dir='ltr'>hic,</span> <span class='ocrx_word' id='word_1_590' title='bbox 1026 6059 1142 6134; x_wconf 85' lang='lat' dir='ltr'>frater</span> <span class='ocrx_word' id='word_1_591' title='bbox 1176 6081 1291 6133; x_wconf 90' lang='lat' dir='ltr'>meus</span> <span class='ocrx_word' id='word_1_592' title='bbox 1325 6083 1405 6136; x_wconf 91' lang='lat' dir='ltr'>non</span> <span class='ocrx_word' id='word_1_593' title='bbox 1461 6059 1526 6152; x_wconf 91' lang='lat' dir='ltr'>ris,</span> <span class='ocrx_word' id='word_1_594' title='bbox 1558 6055 1707 6134; x_wconf 79' lang='lat' dir='ltr'>videbis</span> <span class='ocrx_word' id='word_1_595' title='bbox 1740 6055 1901 6154; x_wconf 88' lang='lat' dir='ltr'>gloriam</span> <span class='ocrx_word' id='word_1_596' title='bbox 1931 6055 2036 6134; x_wconf 77' lang='lat' dir='ltr'>Dei?</span> <span class='ocrx_word' id='word_1_597' title='bbox 2066 6058 2258 6134; x_wconf 77' lang='lat' dir='ltr'>Tulerunt</span> 
     </span>
    </p>
   </div>
   <div class='ocr_carea' id='block_1_6' title="bbox 0 0 2668 7200">
    <p class='ocr_par' dir='ltr' id='par_1_6' title="bbox 0 0 2668 7200">
     <span class='ocr_line' id='line_1_51' title="bbox 0 0 2668 7200; baseline 0 5"><span class='ocrx_word' id='word_1_598' title='bbox 0 0 2668 7200; x_wconf 95' lang='lat' dir='ltr'> </span> 
     </span>
    </p>
   </div>
   <div class='ocr_carea' id='block_1_7' title="bbox 2345 852 2351 1559">
    <p class='ocr_par' dir='ltr' id='par_1_7' title="bbox 2345 852 2351 1559">
     <span class='ocr_line' id='line_1_52' title="bbox 2345 852 2351 1559; baseline 0 0"><span class='ocrx_word' id='word_1_599' title='bbox 2345 852 2351 1559; x_wconf 95' lang='lat' dir='ltr'> </span> 
     </span>
    </p>
   </div>
  </div>
 </body>
</html>
