5325 7200
733 1108 845 1152 noum.
867 1107 913 1151 m.
937 1105 1099 1152 octonum.
1120 1105 1243 1152 unsrun
1263 1107 1427 1156 eumrsms
1445 1111 1475 1154 s.
1500 1112 1534 1155 u.
1557 1114 1588 1156 v.
1839 1095 1889 1157 13*

430 1233 545 1300 notos.
570 1227 616 1300 Et
638 1251 709 1302 non
735 1229 948 1303 invenientes
965 1233 1109 1328 regressi

431 1341 512 1408 sunt
522 1335 1105 1435 interrisutem‚requirenteseum.

431 1441 472 1514 Et
496 1442 631 1515 tactum
652 1449 720 1527 est,
744 1451 821 1539 post
843 1443 998 1516 triduum
1017 1445 1130 1516 inve·

382 1580 385 1593 ·
432 1551 558 1620 nerunt
571 1549 673 1621 iilum
688 1551 723 1622 in
738 1549 868 1646 tempto
879 1549 1056 1623 sedentem
1073 1552 1109 1622 in

432 1654 547 1730 medio
569 1655 768 1741 dootemm,
788 1656 989 1732 audientem
1016 1658 1105 1747 ilios,

432 1769 466 1833 et
498 1761 772 1861 interrogentem
808 1787 879 1837 eos.
916 1763 1109 1859 Stupebant

433 1875 550 1942 autem
573 1871 778 1967 omnesqui
801 1893 883 1944 enm
907 1870 1104 1953 audiebant,

432 1997 535 2070 super
556 1975 742 2070 prudentia
763 1988 798 2050 et
821 1978 993 2074 responsis
1016 1979 1105 2073 ejus.

339 2124 342 2171 t
431 2080 473 2152 Et
489 2081 645 2156 videntes
664 2083 825 2157 admireti
847 2092 940 2156 sunt.
963 2085 1006 2156 Et
1023 2085 1109 2158 dixit

339 2178 350 2205 ''
433 2187 541 2260 btater
570 2189 647 2284 ejus
671 2189 716 2263 ad
741 2187 842 2261 iitnm
872 2219 880 2261 ι
914 2189 993 2278 Fili,
1024 2189 1108 2286 quid

432 2294 542 2368 iecisti
564 2295 666 2371 nobis
687 2298 757 2370 sict
782 2295 870 2372 ane
893 2307 991 2395 pater
1015 2309 1106 2388 tuus,

341 2458 350 2501 ¹.
432 2409 466 2474 et
480 2423 546 2499 ego
563 2401 722 2477 dolentes
741 2405 984 2502 qnaerebemus
1002 2415 1048 2481 te.
1066 2409 1108 2480 Et

341 2482 343 2581 i
433 2509 480 2580 ait
492 2508 538 2581 ad
551 2509 631 2583 ilios
647 2539 655 2582 :
673 2512 766 2600 Quid
775 2521 826 2586 est
835 2513 930 2610 quod
946 2537 1002 2588 me
1015 2537 1110 2612 quoe

431 2614 579 2690 rebetis‘t
609 2617 817 2693 Nesciebetis
849 2620 932 2717 qnia
964 2623 1001 2694 in
1038 2623 1105 2708 bis,

342 2780 350 2805 ,.
387 2764 390 2797 t
431 2743 509 2817 quse
536 2723 649 2798 Putris
678 2725 860 2813 weisunt,
889 2728 1024 2822 opertet
1052 2751 1109 2804 me

341 2808 345 2869 i
432 2832 525 2902 esser
544 2829 588 2902 Et
603 2831 669 2926 ipsi
686 2854 756 2904 non
775 2833 1018 2907 intellexerunt
1038 2859 1110 2908 rer·

349 2956 352 2973 ·
432 2932 527 3022 bum,
560 2937 656 3032 qnod
683 2937 892 3014 locutusest
912 2941 1044 3014 odeas.
1067 2944 1109 3016 Et

432 3039 607 3115 deseendit
632 3068 713 3118 oum
743 3047 805 3134 eis,
834 3055 868 3120 et
893 3049 985 3122 venit
1004 3049 1109 3122 Neza-

351 3192 353 3257 i
432 3149 506 3220 reth
525 3178 533 3218 :
549 3159 584 3222 et
595 3159 670 3224 erat
687 3152 846 3226 subditus
860 3153 939 3227 ittis.
965 3155 1088 3230 Credo.

389 3312 392 3391 Ι
480 3284 720 3380 offortorium.
743 3294 864 3362 uuit.
892 3297 924 3363 t.
947 3292 1036 3366 Cum
1058 3318 1109 3368 es-

351 3390 355 3399 '
389 3394 393 3485 3
434 3397 481 3462 set
511 3389 719 3488 desponsata
752 3405 864 3472 mater
894 3400 970 3494 ejus
1002 3401 1109 3474 Maria

346 3482 355 3563 i
434 3495 571 3591 loseph,
587 3497 726 3572 inventa
744 3512 797 3575 est
808 3504 844 3575 in
859 3506 957 3579 auro
978 3505 1110 3581 babens

436 3602 476 3676 de
488 3604 616 3701 Spiritu
627 3615 761 3681 sancto.

347 3749 355 3830 μ
693 3736 847 3809 Secreto.

500 3882 556 3949 uu,
589 3863 756 3951 Domine,
785 3870 1047 3965 propitiatione,
1075 3880 1110 3945 et

521 3967 631 4043 beitae
663 3975 782 4047 biariae
810 3998 945 4072 semper
970 3979 1110 4076 virginis

390 4017 394 4200 i
436 4071 605 4171 Unigeniti
633 4078 684 4151 tui
708 4081 829 4155 matris
850 4084 1107 4171 intercessiene,

437 4180 479 4253 ad
511 4188 729 4279 perpetuam,
768 4196 872 4287 atque
906 4197 1109 4287 presentem

391 4267 394 4432 ἰ
439 4288 510 4362 boec
529 4291 662 4397 obietio
681 4295 780 4369 nobis
797 4298 953 4393 proficiat
971 4324 1109 4397 prospe·

355 4403 357 4460 t
437 4396 583 4491 ritatem,
614 4408 649 4474 et
685 4426 818 4499 pacem.
853 4407 920 4481 Per
947 4408 1110 4482 eumdem

438 4500 636 4579 bominum.

482 4639 647 4735 Proefutio
689 4642 729 4714 ut
760 4650 794 4717 te
833 4646 868 4718 iu
901 4646 1107 4735 Festiritete‚

349 4761 351 4778 ¹
391 4679 394 4828 i
433 4744 729 4837 pausulam.

390 4867 394 5018 g
459 4880 701 4998 eommunia.
720 4882 826 4957 beista
848 4888 981 4963 viscera
995 4891 1111 4965 biariae

439 4987 593 5082 nrgmis,
624 5012 705 5085 quae
732 4999 958 5088 portaverunt
990 5000 1111 5073 aeterni

344 3232 347 3305 i

390 5139 393 5178 ,
438 5086 546 5163 Patn's
564 5090 705 5168 Filium.

390 5207 393 5244 ¹
631 5222 928 5299 Postoommuuio.

391 5355 393 5414 t
439 5361 563 5521 Huc
605 5367 670 5419 nos
698 5353 915 5477 communio,
948 5354 1108 5476 bomine,

391 5497 393 5508 .
528 5458 654 5547 purget
673 5475 694 5525 a
712 5477 855 5533 cnmme
880 5490 888 5532 ε
914 5467 948 5535 et
965 5470 1111 5537 interce·

440 5549 539 5627 deute
565 5554 666 5657 beeta
691 5560 829 5661 Virgine
856 5566 917 5639 Dei
947 5570 1112 5666 genitrice

439 5656 543 5732 biario
571 5662 721 5739 coelestis
747 5672 891 5745 remedii
914 5674 1017 5748 ficiat
1038 5699 1112 5750 esse

1342 1247 1500 1300 munuca
1514 1247 1561 1300 ni.
1578 1247 1751 1302 aaronis,
1897 1279 1900 1288 .

1298 1353 1494 1429 FESTUM
1537 1355 1803 1431 PURITATIS

1342 1493 1455 1544 numu
1475 1495 1591 1546 numu
1610 1497 1763 1548 vmomrs.

1362 1597 1539 1670 introitus.
1557 1597 1732 1674 Seduliuo.

1211 1748 1400 2024 Sanun,
1443 1739 1561 1803 saneta
1600 1731 1747 1816 Parens,
1788 1731 1890 1802 enixa

1321 1843 1492 1935 puerpera
1525 1839 1653 1936 Regem
1683 1867 1690 1908 :
1727 1837 1788 1934 qui
1822 1859 1890 1909 coe·

1322 1945 1410 2032 lum,
1443 1945 1640 2042 terremque
1661 1945 1748 2042 regit
1771 1945 1806 2015 in
1825 1967 1889 2016 see-

1212 2050 1292 2124 cuta
1312 2052 1535 2126 saeculerum.
1562 2050 1694 2124 Poulm.
1721 2055 1780 2122 tt.
1808 2049 1890 2124 Eru-

1212 2160 1315 2232 etevit
1340 2183 1539 2234 cormeum
1563 2159 1705 2233 verbum
1732 2158 1886 2232 bonum:

1212 2265 1290 2339 dico
1304 2290 1368 2364 ego
1383 2269 1487 2364 opera
1503 2291 1579 2341 mea
1592 2267 1691 2364 Regi.
1712 2263 1747 2342 rt.
1770 2264 1887 2337 Gloria

1210 2373 1317 2446 Patri.

1485 2497 1621 2570 Oratio,

1279 2645 1314 2710 n,
1345 2645 1550 2720 quoesumus
1560 2623 1779 2718 omnipotens
1793 2625 1890 2694 mter·

1212 2643 1280 2800 D
1305 2750 1350 2800 ne
1376 2729 1482 2812 Deus;
1505 2736 1544 2800 ut
1564 2728 1754 2824 purissimae
1782 2727 1891 2824 Virgi-

1213 2832 1266 2904 nis
1285 2835 1401 2906 biariae
1426 2835 1682 2932 integerrimam
1704 2833 1891 2932 Virginite-

1213 2946 1283 3012 tem
1308 2940 1425 3014 testim
1451 2941 1648 3016 celebritete
1670 2941 1884 3024 reuerentes,

1211 3045 1287 3140 ejus
1307 3047 1563 3130 intercessione,
1589 3047 1774 3142 puritbtem
1794 3069 1889 3118 men-

1213 3154 1256 3224 tis
1268 3160 1303 3227 et
1314 3155 1467 3250 eorporis
1480 3153 1748 3249 consequimur.
1764 3153 1842 3224 Per.

1261 3279 1359 3372 Etfit
1373 3283 1565 3352 Communi.
1588 3277 1727 3350 Bomio.
1750 3299 1887 3350 oecurr.

1213 3410 1330 3484 Lectio
1355 3410 1433 3484 libri
1451 3410 1650 3506 Sapientiae.
1675 3413 1775 3483 Cant.
1803 3415 1838 3482 2.
1871 3434 1890 3482 c

1214 3555 1299 3713 Eu
1315 3533 1461 3607 dilectus
1480 3557 1578 3609 meus
1596 3535 1750 3633 loquitur
1773 3534 1860 3607 mibi
1879 3561 1887 3605 ε

1288 3642 1413 3739 Surge,
1429 3643 1590 3739 prepara,
1604 3644 1715 3716 amico
1731 3664 1819 3727 mea,
1836 3664 1891 3715 co

1213 3745 1333 3821 himba
1353 3770 1445 3841 mea,
1464 3748 1615 3822 formosa
1634 3770 1723 3836 mea,
1748 3754 1783 3821 et
1799 3748 1887 3821 veni.

1212 3854 1412 3928 tamenim
1450 3855 1572 3951 hyems
1601 3855 1745 3945 trinsiit,
1779 3854 1891 3928 imber

1213 3960 1311 4048 ebiit,
1335 3970 1371 4036 et
1396 3964 1546 4037 reoessit.
1577 3962 1695 4037 Flores
1721 3968 1890 4061 appame-

1213 4076 1296 4143 runt
1309 4070 1344 4141 in
1365 4078 1455 4143 terra
1475 4077 1592 4143 nostra
1611 4100 1618 4141 :
1639 4078 1776 4167 tempus
1793 4076 1892 4165 puta·

1214 4174 1316 4247 tionis
1338 4175 1475 4249 advenit
1501 4206 1508 4248 :
1530 4200 1596 4249 vox
1616 4178 1758 4249 turturis
1773 4176 1891 4249 audita

1213 4287 1265 4353 est
1284 4282 1322 4352 in
1342 4288 1433 4355 terra
1460 4290 1577 4357 nostra
1600 4312 1607 4355 :
1633 4282 1722 4355 ficus
1747 4282 1891 4378 pretulit

1213 4410 1349 4484 grossos
1361 4410 1441 4461 suos
1459 4416 1466 4459 :
1484 4391 1593 4463 rineae
1609 4388 1771 4463 florentes
1790 4386 1891 4461 dede

1214 4502 1297 4565 runt
1310 4493 1453 4569 oderem
1481 4518 1598 4567 snum.
1625 4496 1750 4591 Surge,
1779 4496 1891 4569 amica

1214 4621 1306 4684 mea,
1322 4602 1476 4695 speciesa
1490 4624 1580 4685 moa,
1594 4607 1629 4675 et
1641 4600 1718 4673 veni
1736 4628 1743 4670 :
1759 4598 1892 4672 coluim-

1214 4704 1258 4778 ba
1279 4729 1369 4791 meu,
1396 4706 1432 4778 in
1454 4706 1682 4780 foraminibus
1708 4712 1827 4801 petru,
1855 4705 1891 4776 in

1214 4817 1361 4886 caverna
1379 4812 1550 4899 macerie,
1579 4810 1721 4885 ostende
1740 4810 1827 4881 mibi
1848 4809 1892 4881 se-

1215 4920 1304 4993 ciem
1328 4928 1439 5004 tuam,
1462 4924 1561 4993 sonet
1582 4941 1646 4991 vox
1670 4924 1730 4989 tua
1749 4917 1784 4987 in
1805 4915 1892 4987 euri·

1215 5025 1280 5100 bus
1302 5026 1409 5099 meis:
1435 5048 1497 5099 vox
1519 5025 1612 5097 enim
1633 5032 1692 5097 tua
1713 5020 1837 5113 dulcis,
1858 5026 1892 5094 et

1215 5130 1320 5205 ficies
1335 5138 1393 5203 tua
1407 5129 1543 5205 debera.

1265 5263 1455 5339 Groduote.
1481 5268 1578 5339 Guut.
1606 5269 1641 5338 2.
1663 5263 1761 5338 Siout
1779 5259 1891 5334 titium

1216 5372 1306 5444 inter
1330 5370 1457 5466 spinas,
1489 5372 1539 5445 sic
1566 5373 1678 5444 amica
1701 5390 1778 5442 mea
1804 5368 1894 5439 inter

1216 5476 1318 5550 titios.
1333 5476 1370 5555 ri.
1386 5478 1540 5551 Dilectus
1556 5500 1653 5551 meus
1668 5474 1769 5559 mibi,
1783 5480 1818 5545 et
1829 5494 1893 5569 ego

1215 5587 1280 5673 itti,
1309 5586 1370 5684 qui
1397 5586 1548 5682 pescitur
1575 5587 1664 5659 inter
1690 5584 1772 5656 lilia.
1802 5579 1894 5653 Atte-

1215 5693 1302 5790 teja,
1331 5692 1485 5789 alleluja.
1507 5691 1544 5770 i.
1565 5694 1661 5765 Ceut.
1682 5695 1717 5763 6.
1739 5690 1826 5777 Qum
1844 5691 1895 5760 est

439 5766 627 5842 consertes.
645 5770 711 5865 Per
724 5776 886 5851 eumdem
905 5780 1108 5856 Deminum.
1160 5784 1166 5843 Ι
1215 5801 1292 5882 ista,
1318 5823 1397 5897 quae
1410 5796 1630 5896 progreditur
1648 5794 1748 5893 quasi
1769 5792 1896 5867 aurora

392 5947 395 6028 i
487 5890 1108 6000 Infitielettiwrssvongbomiuicoe.
1157 5847 1167 6005 i
1216 5912 1443 6007 consurgens,
1460 5903 1771 6003 pulchronium,
1786 5900 1896 5975 electa

357 6216 396 6243 ζ
