5325 7200
565 828 590 902 p
1085 804 1356 888 MissuVotive
1379 808 1428 889 de
1447 809 1518 891 SS.
1538 810 1806 890 Sucrmneuto.
1957 897 1961 903 ,

625 967 894 1053 OfferiOPitlm·
927 974 1046 1053 bevo·
1066 974 1127 1051 Ἡ·
1157 973 1389 1067 Sacerdotes
1475 1014 1565 1070 cem
1585 991 1745 1090 bibetis,
1770 997 1941 1072 mortem
1959 989 2124 1071 Domini
2156 1010 2303 1070 annun

569 1101 731 1183 Domini
764 1098 972 1179 incensum
990 1106 1030 1179 et
1056 1116 1181 1201 penes
1216 1095 1389 1177 offerunt
1475 1097 1624 1182 tiobitis
1649 1098 1778 1180 donec
1797 1097 1952 1179 reniet:
1972 1096 2107 1201 ltaque
2125 1096 2302 1199 quicom·
2406 1158 2407 1199 ³

570 1210 681 1291 Deo:
701 1218 742 1289 et
756 1206 847 1287 ideo
864 1206 991 1285 suncti
1009 1214 1127 1285 eruut
1143 1202 1228 1285 Deo
1242 1225 1328 1303 suo,
1350 1212 1390 1283 et
1477 1230 1555 1309 que
1588 1204 1886 1285 mundueeverit
1902 1226 2062 1307 penem,
2079 1204 2146 1286 vel
2163 1202 2304 1284 biberit
2406 1232 2407 1279 i

569 1342 650 1399 uon
668 1315 848 1422 polluent
863 1336 1009 1397 nomen
1025 1315 1124 1415 ejus.
1478 1313 1643 1393 cilicem
1674 1312 1837 1392 Domini
1880 1311 2059 1415 indigne,
2099 1334 2199 1391 reue
2232 1312 2302 1393 en't

897 1407 1071 1488 Secreto·
1443 1420 1673 1524 *Gorporis
1688 1428 1728 1500 et
1745 1418 1959 1521 Senguinis
1978 1410 2156 1499 Domini.
2243 1467 2245 1476 =

575 1538 785 1709 Eccussm
818 1538 910 1625 tuae,
949 1552 1179 1632 quesumus
1204 1528 1390 1626 Domine,
1723 1517 2064 1598 postcommunio.

654 1638 818 1717 unitetis
851 1647 891 1717 et
920 1638 1030 1740 pacis
1054 1638 1253 1741 propitius
1286 1636 1394 1716 done
1546 1660 1588 1715 ic
1606 1657 1679 1715 nos
1696 1657 1926 1739 quesumus
1957 1634 2147 1731 Domine,
2169 1633 2303 1715 divini·

569 1746 743 1825 concede
759 1775 768 1825 ε
787 1769 877 1848 quae
897 1744 972 1825 sub
990 1743 1135 1825 obletis
1153 1743 1393 1824 muneribus
1566 1742 1659 1825 tetis
1682 1754 1761 1823 tuae
1780 1741 2024 1846 sempiterne
2040 1741 2233 1821 fruitione
2248 1766 2303 1821 re·

568 1852 1394 2027 m>tressissust-..iuuetu-.
2214 1848 2304 2035 ti:

617 2049 868 2131 COfflfflUssiO·
888 2056 922 2131 Ι·
941 2052 1032 2135 COP·
1049 2053 1396 2151 1¹·Quotiesci'1n1-
1484 1984 1624 2171 {orutz
1653 2062 1733 2162 Qui
1756 1983 1854 2145 uois
1871 2072 1912 2145 et
1935 1978 2213 2167 rgnusponn?
2228 2062 2303 2145 Deo

570 2176 946 2280 quemenducebitis
964 2197 1108 2281 punem
1126 2174 1234 2257 bunc
1251 2175 1394 2259 etceli·
1494 2172 1623 2253 Putre.

1155 2506 1362 2611 MISSA
1396 2506 1730 2613 PnthTA.

752 2845 952 2926 lsstwifflb'·
983 2862 1210 2943 Proiecto.
1492 2859 1654 2940 Domini
1685 2856 1972 2941 ennuntiebitis
2007 2860 2141 2941 donec
2168 2858 2301 2941 ueniet.

576 3004 625 3067 ρ,
662 3006 749 3067 s
757 2992 871 3049 intur
888 2992 957 3050 eos
970 2994 1018 3049 ex
1027 2969 1146 3074 odipe
1159 2966 1347 3048 frumenti
1362 2974 1402 3048 et
1492 2966 1632 3070 ltnque
1652 2964 1895 3068 quicimque
1927 2964 2228 3047 mondueeverit
2244 2986 2304 3067 pn·
2406 3048 2407 3069 Ν

579 3069 620 3178 ig‘
644 3062 750 3193 (μβ.
771 3076 957 3188 oepetm,
973 3076 1090 3155 meite
1108 3074 1398 3183 sutureviteos.
1490 3096 1582 3154 nem
1600 3074 1708 3153 bunc
1725 3072 1787 3153 vel
1804 3070 1952 3155 biberit
1968 3073 2137 3153 reticem
2153 3070 2304 3152 Domini
2406 3108 2407 3173 p

578 3184 617 3295 {o
645 3179 745 3288 'effi
768 3166 791 3243 '¹
801 3186 920 3267 empo
930 3188 972 3246 1'0
1015 3164 1193 3247 Pe³0h³¹¹
1234 3166 1396 3247 oddoni
1488 3180 1676 3283 indigne,
1698 3203 1790 3259 reus
1811 3180 1887 3259 erit
1903 3179 2084 3282 corporis
2099 3188 2143 3259 et
2160 3176 2303 3279 seugu-
2406 3262 2407 3287 .

574 3277 749 3356 ml*
771 3288 951 3385 olleioiu,
1010 3288 1187 3368 ulleloiu.
1244 3274 1392 3355 psalm·
1488 3288 1551 3367 nis
1587 3286 1763 3367 Domini.
1792 3286 1940 3367 Probet
1970 3294 2104 3367 eutem
2139 3284 2302 3389 seipsum
2406 3292 2407 3303 ‘

577 3388 754 3481 tlxutttte
773 3400 857 3477 Deo
874 3396 1046 3498 adjutori
1065 3403 1217 3493 nostro,
1229 3392 1399 3498 jubilete
1439 3460 1443 3495 ,
1486 3394 1624 3493 homo,
1661 3404 1700 3475 et
1719 3396 1776 3475 sic
1793 3394 1843 3473 de
1860 3416 1964 3497 pane
1998 3394 2067 3473 illo
2086 3394 2183 3475 edet
2199 3400 2236 3475 et
2259 3390 2301 3471 de
2406 3406 2407 3473 ;

568 3512 653 3591 Deo
670 3508 809 3590 Jacob.
835 3494 873 3589 i·
892 3503 1029 3585 Gloriu
1047 3503 1169 3583 Petri.
1488 3502 1610 3583 eolice
1638 3502 1764 3583 bibet.
1797 3502 1875 3602 Qui
1894 3502 2015 3606 enim·
2030 3501 2248 3583 mendicet
2269 3510 2303 3581 et

909 3595 1062 3677 Oratio.
1486 3608 1590 3688 bibit
1631 3609 1811 3712 indlgne,
1853 3609 2052 3712 judicium
2085 3609 2166 3690 sibi
2202 3630 2301 3688 men·

582 3737 734 3906 Deus,
769 3721 839 3823 qui
871 3718 1001 3814 nobis,
1036 3716 1111 3796 sub
1139 3716 1397 3798 sacramento
1484 3716 1659 3796 decutet
1675 3716 1778 3800 bibit
1797 3745 1806 3796 :
1825 3739 1907 3797 non
1925 3715 2154 3819 dijidicuns
2170 3738 2302 3820 corpus

661 3827 850 3924 miribili,
866 3823 1150 3904 Passionistute
1160 3822 1396 3901 memorium
1481 3823 1659 3905 Domini.

572 3935 768 4039 reliquisti
789 3963 798 4012 ε
819 3932 949 4014 tribue
974 3953 1218 4033 quaesnmus,
1247 3931 1303 4010 ite
1319 3951 1396 4009 nos
1537 3923 1747 4004 Groouele.
1773 3924 1834 4004 Pe.
1861 3927 1944 4006 tot.
1980 3928 2097 4014 Oculi
2132 3931 2300 4014 omnium

574 4042 764 4146 Gorporis
777 4053 817 4121 et
830 4039 1042 4141 Singuinis
1055 4038 1112 4118 tui
1128 4061 1240 4116 socru
1253 4036 1397 4140 myste-
1483 4039 1524 4116 in
1546 4049 1585 4118 te
1618 4047 1794 4142 sperent,
1814 4040 2001 4139 Domine,
2021 4049 2062 4121 et
2081 4049 2127 4120 tu
2145 4039 2217 4120 dus
2232 4037 2301 4117 illis

572 4153 630 4230 rio
646 4147 838 4244 reuereri,
860 4157 904 4226 ut
917 4145 1204 4248 redemptionis
1221 4153 1300 4224 tuae
1313 4145 1397 4223 fru·
1482 4168 1613 4224 escum
1632 4145 1673 4224 in
1691 4146 1871 4250 tempore
1888 4146 2135 4252 opporttno.
2160 4143 2195 4220 i.
2211 4145 2300 4248 epe

572 4269 682 4338 ctum
700 4257 742 4334 iu
767 4254 884 4334 nobis
899 4254 1045 4356 jogiter
1062 4250 1394 4349 sentiemus-Qui
1485 4253 1540 4332 ris
1557 4262 1601 4332 tu
1632 4275 1795 4332 monum
1816 4263 1940 4352 tuum,
1960 4262 2000 4334 ct
2017 4252 2166 4358 imples
2193 4273 2299 4334 omne

572 4365 670 4446 viris
687 4371 727 4442 et
744 4383 885 4463 regnos
902 4383 992 4440 cum
1012 4359 1098 4440 Deo
1116 4359 1245 4438 Putre.
1484 4359 1633 4440 enimul
1665 4359 1959 4444 benedictione.

584 4462 720 4550 lectio
753 4465 939 4570 Epistolm
957 4466 1061 4546 betti
1080 4465 1192 4546 Pauli
1219 4463 1398 4570 Apostoli
1538 4459 1717 4564 olleliio,
1755 4467 1929 4548 ulleliiic.
1950 4463 1985 4558 i.
2016 4459 2130 4542 Joun.
2154 4467 2190 4539 o.
2208 4465 2298 4548 Coro

671 4576 723 4654 ed
740 4575 983 4654 Corinthios.
1012 4566 1047 4641 ¹·
1064 4561 1155 4642 Cor·
1183 4566 1236 4642 Η.
1261 4588 1295 4642 e·
1486 4595 1575 4654 meu
1593 4597 1685 4654 uere
1704 4583 1763 4654 est
1794 4576 1921 4674 cibus,
1940 4583 1979 4654 et
2009 4573 2174 4678 sanguis
2199 4593 2297 4651 meus

580 4697 793 4868 Furnius,
814 4683 896 4784 Ego
909 4683 1016 4762 euim
1034 4680 1169 4783 occepi
1185 4703 1209 4758 u
1226 4680 1400 4761 Domino
1486 4703 1578 4764 vere
1604 4693 1665 4761 est
1692 4689 1836 4782 potus:
1858 4681 1928 4785 qui
1946 4681 2166 4762 mendicet
2183 4697 2296 4758 meum

674 4790 784 4892 quod
801 4797 842 4868 et
874 4789 1021 4868 trodidi
1051 4787 1178 4886 robis,
1209 4787 1400 4891 quonium
1487 4809 1648 4868 curnem
1677 4799 1716 4868 et
1741 4787 1845 4868 bibit
1861 4811 1996 4870 meum
2015 4783 2296 4890 songuinemin

575 4899 774 5004 Dominus
789 4898 907 4978 iesus
924 4898 965 4976 in
984 4921 1064 5000 que
1080 4907 1197 4978 nocte
1214 4893 1401 4977 tredebe·
1439 4895 1446 4962 t
1489 4915 1553 4975 me
1570 4903 1757 4977 monetet
1774 4918 1846 4999 ego
1863 4895 1905 4976 iu
1927 4918 1990 4997 eo,
2010 4893 2184 4976 ulleloiu.

575 5014 655 5103 tur,
686 5005 840 5106 occepit
872 5027 1017 5106 punem
1036 5013 1076 5084 et
1100 5004 1248 5106 grouus
1279 5025 1401 5106 egens
1542 4997 1635 5078 Post
1652 4997 2007 5100 septuagesimum,
2033 4999 2297 5084 oruissisblle·

576 5110 1396 5215 tregitetdixit:Accipiteetmunducete:
1489 5111 1585 5212 loia,
1607 5113 1646 5183 et
1675 5129 1791 5186 versu
1816 5107 2011 5212 sequenti,
2044 5104 2190 5188 dieitur
2216 5103 2295 5184 'ibu-

578 5219 665 5298 tioc
681 5226 742 5297 cst
758 5239 907 5320 corpus
925 5240 1060 5298 mcum
1073 5217 1183 5321 quod
1197 5241 1271 5321 pro
1287 5217 1400 5299 robis
1493 5221 1591 5294 ctus.
1621 5211 1789 5294 bialech.
1814 5217 1846 5290 t.
1866 5217 1927 5299 nb
1950 5229 2040 5304 ortu
2059 5223 2157 5306 solis
2184 5237 2295 5322 usque

578 5324 782 5405 trudetur:
804 5322 1065 5404 hocfecitein
1083 5347 1213 5406 meum
1228 5347 1402 5404 comme·
1489 5325 1542 5406 ed
1593 5323 1780 5407 occesum
1823 5349 2010 5430 magnum
2061 5339 2123 5412 est
2166 5344 2294 5410 nomeu

577 5429 1401 5535 monitionemsimiiiteretcelicum,post-
1490 5455 1624 5514 meum
1643 5433 1684 5512 in
1704 5433 1910 5514 Gentibus.
1932 5429 1970 5527 ft·
1997 5437 2048 5517 Et
2064 5439 2105 5516 in
2122 5435 2228 5519 omni
2246 5431 2294 5512 lo·

576 5561 698 5644 quum
715 5537 898 5636 coeuevit,
918 5537 1082 5618 diceus:
1109 5537 1185 5618 Hic
1201 5538 1304 5620 culix
1329 5561 1402 5620 uo·
1490 5563 1537 5620 co
1554 5541 1797 5621 sacrificetur
1815 5551 1855 5622 et
1870 5541 2036 5624 offertur
2052 5545 2204 5624 nomini
2216 5557 2293 5620 men

576 5669 670 5728 vum
688 5649 969 5726 testamentum
987 5655 1048 5726 est
1071 5645 1114 5723 in
1133 5667 1224 5726 meo
1243 5645 1401 5747 songui·
1491 5646 1642 5729 oblitio
1677 5647 1828 5728 munde
1860 5675 1869 5726 :
1909 5650 2002 5752 quio
2034 5673 2097 5730 mu
2126 5673 2219 5732 num
2245 5651 2295 5726 est

578 5777 643 5834 ne.
665 5753 751 5831 Hoc
776 5752 891 5833 eicite
908 5753 1239 5856 quotiescomque
1254 5752 1400 5834 bibetis
1489 5777 1636 5835 nomen
1655 5777 1790 5836 meum
1807 5755 1849 5834 in
1868 5755 2075 5840 Gentibus.
2100 5677 2139 5850 Ξ
2155 5753 2291 5846 Venite,

578 5865 622 5941 iu
651 5883 783 5941 meum
818 5862 1252 5943 commemorationem.
1291 5861 1401 5962 Quo·
1489 5861 1688 5944 comedite
1719 5885 1864 5970 punem
1895 5887 2030 5946 meum
2057 5873 2098 5948 et
2116 5863 2235 5948 bibite
2248 5857 2294 5942 ui·

579 5968 827 6069 tiesciimque
863 5970 969 6048 enim
1005 5967 1297 6050 munducebitis
1329 5993 1400 6072 po·
1489 5994 1584 6054 num
1602 5971 1710 6075 quod
1726 5971 1865 6054 miscui
1884 5973 2012 6056 uobis.

578 6075 794 6156 uembunc
809 6082 848 6155 et
866 6076 1032 6156 cilicem
1043 6076 1208 6158 bibetis:
1228 6089 1398 6160 mortem
1547 6073 1742 6176 Tempore
1774 6071 1949 6152 l‘usuluiii
1987 6071 2183 6158 onrittituu
2213 6073 2289 6152 tint·
