5325 7200
453 791 502 866 aa
960 775 962 782 ’
1140 792 1311 892 niextij.
1333 787 1510 894 uugusu.

782 995 842 1047 mu
868 992 954 1048 xiil.

502 1061 541 1174 s.
561 1060 810 1160 mssmm
830 1059 992 1142 umsu.
1016 1061 1079 1139 m
1097 1060 1249 1141 mm.

768 1187 973 1268 lutroitus.

567 1307 746 1365 muamus
761 1309 899 1367 omnes
912 1288 958 1365 ¹iu
980 1287 1163 1384 Dumiuo,
1180 1287 1286 1366 diam

462 1301 728 1588 Gfestum
757 1393 1005 1475 celebrantes
1033 1395 1109 1476 sub
1133 1397 1287 1475 heutua

584 1503 710 1582 suncti
753 1503 934 1584 Cassiani
977 1505 1190 1606 Martyris,
1235 1504 1286 1583 da

396 1691 399 1694 ,
457 1617 570 1714 cujus
587 1609 775 1714 pussiuue
793 1612 966 1714 gaudent
983 1612 1133 1712 iugali,
1152 1621 1191 1691 et
1209 1611 1289 1691 col-

460 1723 625 1804 laudant
642 1719 784 1798 Filium
806 1720 890 1800 Dei.
913 1721 976 1812 1³5ss
998 1735 1060 1811 ῃ,
1084 1719 1285 1815 Exultate,

395 1925 398 1932 ⁴
455 1830 565 1930 Justi,
584 1830 623 1906 iu
643 1826 840 1908 Dumiuo:
860 1835 996 1934 rectos,
1009 1827 1122 1909 decet
1134 1829 1287 1908 collau-

459 1935 579 2017 datio.
600 1959 639 2042 a,
660 1934 799 2016 Cluuia
820 1937 937 2014 Patri.

802 2062 953 2142 Oratio.

525 2193 722 2250 ummuuus
740 2170 980 2272 sempitarne
999 2170 1116 2265 DeuS,
1131 2165 1200 2272 qui
1220 2165 1300 2253 h0·.

553 2278 693 2357 diurna
731 2278 797 2358 dia
839 2278 1001 2359 beatum
1050 2277 1285 2360 Cassianum

462 2383 695 2465 Pontificem
717 2395 826 2466 tuum
847 2387 1025 2488 martyrii
1051 2386 1201 2466 catuna
1219 2382 1289 2462 de-

461 2493 606 2572 corasti
628 2523 635 2571 :
655 2493 831 2574 concide
853 2495 1051 2598 propitius
1063 2523 1073 2586 ;
1103 2503 1156 2588 ut,
1175 2495 1288 2592 cujus

460 2599 653 2680 solamnia
672 2600 854 2696 abiimus,
870 2604 955 2703 eius
967 2601 1190 2705 patrocinia
1204 2623 1291 2679 sen·

461 2707 616 2790 liumus.
639 2709 714 2788 Per
728 2709 959 2791 ¹Dumiuum.

515 2833 563 2910 Et
607 2829 650 2908 fit
685 2849 788 2907 com.
832 2825 874 2904 S.
918 2820 1120 2900 Laurentii
1164 2825 1208 2894 ut
1248 2815 1288 2892 iu

466 2940 627 3020 itiissaii.

582 3047 656 3126 Pro
676 3045 714 3124 S.
740 3039 967 3145 Hyppolyto
992 3037 1175 3137 Martyra.

802 3149 955 3229 Oratio.

469 3247 1085 3464 D⁵tiiiiiffiiissi⁰i¹iii¹y⁰iss
1103 3248 1295 3437 {iiiut

466 3469 592 3548 rtuda
610 3470 861 3562 solamnitus,
880 3473 920 3546 et
937 3463 1191 3544 deuotiunem
1219 3485 1294 3543 no·

467 3577 530 3657 bis
547 3577 689 3681 tugeut
705 3587 744 3657 at
762 3575 941 3656 saltitem.
966 3573 1042 3653 Per
1063 3572 1291 3653 Damiuum.

471 3685 608 3777 [tatia
636 3686 803 3764 Actuum
823 3681 1212 3786 ApOSloml‘llffl·Cfipt
1236 3688 1294 3760 tt.

507 3791 691 3870 uuitbus
709 3792 813 3869 iltis:
834 3789 934 3868 Cum
954 3786 1234 3891 cognovissent
1253 3786 1292 3865 in

468 3826 505 3991 Ι
523 3898 804 3979 Thessaluniaa
821 3897 841 3977 J
846 3894 963 3988 udaei‚
975 3896 1069 3996 quia
1087 3904 1126 3973 et
1146 3895 1294 3974 Beroeae

467 4004 727 4106 puoedicitum
747 4014 806 4085 est
828 4028 852 4082 a
870 4001 994 4082 Paulo
1013 4002 1178 4080 verbum
1200 4001 1293 4097 Dei,

466 4114 658 4193 venarum
676 4122 713 4194 et
732 4114 837 4209 illuc,
854 4109 1151 4191 commutantes
1166 4118 1205 4189 et
1218 4120 1295 4189 tur·

467 4220 606 4302 hintes
627 4220 937 4301 multitudinem.
958 4218 1181 4320 Statimque
1199 4228 1294 4299 tuuc

469 4329 634 4411 Paulum
667 4330 908 4409 dimistmut
940 4328 1105 4421 fratres,
1141 4338 1183 4406 ut
1220 4328 1295 4407 iret

467 4460 592 4541 usque
611 4438 662 4516 ad
680 4460 790 4516 mare
808 4464 816 4513 :
835 4436 939 4515 Situs
957 4444 1089 4514 autam
1109 4444 1147 4514 et
1165 4436 1295 4517 'rimu-

466 4548 580 4627 thaus
598 4548 873 4627 remanserunt
890 4545 957 4623 ibi.
978 4546 1057 4643 Qui
1075 4554 1206 4623 autem
1227 4545 1296 4624 de,

468 4654 668 4735 databant
698 4654 880 4751 Paulum,
905 4652 1177 4755 perduxerunt
1202 4676 1293 4733 eum

467 4762 1294 4867 usqueadAthanas‚at‚uacaptomandtto

468 4870 519 4949 ab
551 4892 600 4951 eo
626 4870 678 4949 ad
706 4871 828 4951 Silam
861 4878 900 4949 et
934 4867 1219 4961 mattheum,
1252 4878 1296 4949 ut

1374 955 1493 1036 tiator
1518 979 1633 1035 esse:
1664 955 1759 1058 quia
1783 955 1933 1053 Jesum,
1958 963 1998 1034 et
2022 977 2193 1036 resuma-

1373 1064 1546 1144 ctiunam
1566 1065 1830 1145 annuntiabat
1846 1063 1914 1143 ais.

1420 1173 1631 1257 Graduala.
1655 1173 1719 1251 Psi
1739 1174 1799 1250 36.
1817 1169 1954 1251 Justus
1979 1193 2073 1250 uum
2099 1171 2198 1251 aeci·

1374 1277 1488 1376 derit,
1515 1300 1595 1359 non
1624 1275 1861 1357 collidatur:
1890 1278 1986 1381 quia
2000 1271 2196 1360 Dumium

1374 1395 1564 1498 suppuuit
1598 1417 1761 1473 manum
1785 1416 1915 1474 suam.
1942 1388 1982 1482 i·
2008 1395 2110 1476 Tota
2135 1395 2197 1474 dia

1376 1506 1611 1602 miseratur,
1637 1515 1678 1584 et
1702 1500 1935 1584 cammadat
1958 1531 1968 1580 ε
1994 1512 2035 1582 et
2064 1526 2196 1584 saman

1374 1615 1458 1714 ejus
1477 1615 1517 1692 in
1536 1611 1817 1692 benedictiaue
1834 1612 1921 1692 erit.

1384 1812 1389 1820 ,
1423 1722 1602 1820 Alleluia,
1623 1721 1797 1802 alleluia.
1819 1723 1856 1815 i.
1874 1715 2046 1801 Suuu'tus
2066 1719 2199 1801 Panti-

1373 1833 1436 1912 fex
1453 1829 1688 1926 Cassianus,
1706 1828 1931 1909 animarum
1949 1828 2119 1908 saltitem
2144 1828 2197 1906 st-

1376 1939 1492 2032 tianS,
1513 1937 1566 2017 ad
1582 1938 1733 2018 sontem
1752 1938 1910 2031 vivum,
1930 1937 2001 2039 qui
2020 1935 2198 2016 Christus

1376 2056 1458 2143 est,
1493 2067 1632 2125 omues
1664 2047 1833 2124 evocare
1867 2066 1946 2124 uon
1975 2041 2199 2139 damnabat,

1374 2162 1545 2244 alleluia.

1376 2267 1593 2372 sequanam
1611 2267 1737 2346 sancti
1759 2265 1959 2370 Euangtlii
1981 2261 2199 2347 secuudum

1599 2383 1846 2462 Matthaeum.
1869 2391 1904 2446 ⁰·
1928 2371 2010 2455 ¹0·⁵

1377 2503 1440 2673 Iu
1461 2492 1531 2572 iilo
1549 2491 1729 2594 timpora
1745 2520 1754 2568 :
1773 2489 1884 2568 Dixit
1899 2489 2015 2569 lesus
2032 2487 2202 2591 discipu·

1439 2600 1490 2680 lis
1508 2601 1615 2682 suis:
1636 2599 1735 2679 Cum
1759 2596 2050 2700 persequantur
2063 2619 2133 2678 vus
2155 2599 2201 2675 in

1377 2708 1537 2788 civittte
1561 2709 1666 2805 ista,
1694 2707 1818 2809 figite
1845 2707 1885 2783 iu
1917 2703 2049 2784 aliam.
2079 2705 2201 2785 Amen

1378 2817 1471 2899 dico
1497 2817 1632 2912 vobis,
1651 2838 1731 2895 non
1751 2814 2087 2896 consummabitis
2105 2815 2203 2894 civi·

1378 2926 1479 3006 tates
1494 2925 1630 3023 lsrael,
1645 2925 1774 3004 donec
1791 2924 1925 3002 uaniat
1942 2925 1971 3002 F
1974 2923 2066 3003 ilius
2081 2923 2206 3004 humi·

1378 3035 1452 3114 uis.
1484 3035 1572 3115 Nun
1601 3043 1661 3112 est
1691 3032 1911 3135 discipulus
1938 3054 2058 3133 super
2084 3031 2206 3134 magi·

1380 3152 1538 3236 strum,
1570 3164 1644 3220 neu
1675 3163 1813 3221 servus
1843 3163 1964 3242 super
1995 3139 2205 3220 duminum

1381 3274 1510 3332 suum.
1538 3247 1694 3330 Suifficit
1717 3247 1946 3352 discipulo,
1976 3256 2019 3328 ut
2036 3247 2089 3326 sit
2105 3245 2208 3326 sicut

1383 3359 1571 3463 magister
1585 3360 1672 3456 eius
1687 3381 1695 3430 :
1712 3366 1751 3436 et
1768 3377 1894 3453 sarva,
1903 3355 2007 3435 sicut
2016 3354 2205 3434 daminus

1378 3470 1477 3568 ejus.
1498 3466 1539 3545 Si
1559 3463 1885 3568 patremfamilias
1903 3462 2208 3544 Bealzabubvu

1379 3575 1598 3655 cavarunt:
1631 3581 1781 3675 quanto
1812 3573 1938 3677 magis
1964 3571 2207 3653 domasticos

1379 3683 1501 3785 eJ'us‘?
1533 3682 1589 3762 Ne
1612 3704 1706 3785 ergo
1736 3683 1951 3761 timueritis
1982 3704 2067 3761 eus.
2099 3680 2206 3760 Nihil

1379 3793 1486 3871 enim
1511 3800 1571 3870 est
1595 3790 1792 3892 optutum,
1821 3789 1932 3893 quod
1957 3811 2039 3869 nou
2058 3788 2208 3868 revela·

1381 3900 1515 3979 bitur:
1536 3907 1575 3978 et
1592 3898 1807 3991 occuitum,
1821 3898 1932 4001 quod
1951 3919 2029 3977 nou
2048 3897 2206 3977 sciatur.

1380 4006 1498 4107 Quod
1522 4007 1613 4087 diuo
1633 4007 1748 4088 vobis
1766 4008 1806 4084 iu
1831 4005 2018 4101 maehum,
2033 4005 2153 4085 dicite
2167 4006 2206 4087 iu

1380 4117 1529 4195 lumina
1552 4124 1618 4195 :at
1635 4116 1746 4219 quod
1764 4117 1804 4194 iu
1825 4139 1919 4195 aura
1938 4114 2097 4212 auditis,
2111 4140 2208 4218 prm

1380 4226 1510 4304 dicata
1538 4234 1798 4326 supertecta.
1830 4224 1877 4303 m
1910 4223 2035 4303 nolite
2069 4225 2208 4304 timim

1379 4354 1463 4431 aas,
1479 4334 1547 4435 qui
1566 4333 1756 4413 accidunt
1771 4356 1928 4435 carpus,
1947 4331 2123 4411 unimam
2140 4355 2208 4411 au·

1379 4450 1459 4519 tem
1478 4464 1558 4521 nou
1577 4452 1746 4544 possunt
1763 4441 1947 4522 occidere
1963 4469 1971 4518 :
1988 4439 2059 4519 sed
2075 4439 2208 4542 patius

1380 4549 1517 4629 timtta
1535 4573 1647 4643 aum,
1666 4552 1735 4653 qui
1755 4557 1941 4653 potestat
1966 4549 2143 4627 animam
2170 4556 2208 4628 et

1380 4680 1528 4760 corpus
1546 4658 1714 4761 paudere
1734 4660 1774 4736 in
1793 4658 2028 4761 gehtnuam.

1436 4776 1710 4857 Offautarium.
1728 4779 1791 4852 Ps.
1810 4774 1871 4851 88.
1884 4765 2032 4847 viritas
2049 4787 2152 4861 mea,
2169 4776 2209 4845 et

1381 4872 1661 4955 miseriourdia
1693 4895 1780 4952 maa
1814 4895 1906 4951 cum
1941 4874 2060 4975 ipsu:
2095 4883 2136 4953 et
2167 4873 2206 4952 iu

467 5000 588 5081 quam
607 4978 979 5059 cetariterventreut
996 4978 1047 5055 ud
1066 4976 1191 5072 ilium,
1209 5000 1298 5079 pru-

468 5084 559 5165 facti
579 5093 681 5165 sunt.
706 5085 850 5165 Paulus
869 5092 1001 5164 autem
1021 5107 1112 5163 aum
1132 5084 1295 5165 Athanis
1716 5100 1890 5177 Secreta.

468 5214 537 5273 eus
572 5193 826 5296 expectaret,
856 5192 1097 5271 incitabatur
1132 5194 1296 5295 spiritus
1435 5221 1623 5293 ictuatum,
1641 5194 1822 5289 Damine,
1844 5219 1935 5297 quaa
1955 5196 1995 5274 in
2015 5196 2208 5278 honurem

468 5303 554 5401 ejus
569 5301 609 5379 iu
640 5302 740 5404 ipso,
760 5298 901 5381 videns
920 5298 1162 5381 idololatria
1180 5300 1297 5380 dadi·
1448 5306 1575 5385 sancti
1604 5302 1785 5385 Cassiani
1803 5303 1989 5405 Martyris
2008 5304 2068 5383 tui
2089 5314 2210 5406 atque

468 5416 549 5489 tam
581 5410 792 5490 civitatem.
824 5407 1063 5511 Disputtbu
1096 5410 1214 5511 igitur
1255 5412 1295 5488 in
1388 5412 1591 5493 Pontificis
1626 5422 1704 5492 tuae
1746 5408 1950 5491 offarimus
1990 5412 2210 5513 majestati3

469 5515 668 5621 synagagu
696 5540 787 5597 cum
814 5516 977 5613 Induis,
996 5525 1035 5597 et
1060 5516 1296 5614 colantibus,
1386 5520 1502 5600 nobis
1520 5520 1600 5599 siut
1617 5518 1670 5598 ad
1687 5517 1855 5597 saltitem
1875 5516 2062 5615 efficacia,
2075 5528 2116 5599 et
2132 5529 2210 5598 tuae

470 5626 566 5704 etin
586 5626 695 5722 iam,
716 5649 786 5729 per
801 5648 941 5707 omues
967 5626 1052 5705 dies
1069 5625 1120 5705 ud
1139 5648 1208 5705 eos
1229 5628 1297 5729 qui
1385 5627 1531 5730 placitu
1546 5626 1698 5729 pietati.
1721 5626 1796 5705 Per
1820 5626 2050 5707 Duminum.

469 5733 646 5813 aderant.
678 5736 854 5834 Quidam
881 5744 1014 5815 autem
1046 5736 1241 5837 Epicurii,
1261 5744 1300 5815 et
1438 5752 1552 5830 Com.
1573 5750 1663 5828 Oet,
1684 5748 1724 5825 s.
1747 5744 1965 5823 Laurentii.

471 5839 594 5920 Stuici
614 5842 842 5946 philisophi
863 5842 1112 5923 dissertiunt
1129 5866 1220 5923 uum
1239 5866 1298 5943 aa,
1505 5864 1580 5937 Pro
1600 5858 1641 5937 S.
1666 5852 1886 5959 Hippolyto
1906 5854 2092 5954 Martyre.

471 5956 510 6027 at
527 5948 691 6049 quidam
713 5948 900 6030 dicabant
919 5981 927 6029 :
949 5951 1060 6051 Quid
1077 5952 1160 6031 vult
1176 5952 1299 6031 sami·
1717 5966 1891 6043 Sacrata.

472 6054 675 6135 nivartius
702 6056 767 6134 hic
794 6057 961 6137 dicare?
978 6058 1056 6137 ulti
1077 6080 1196 6139 varo:
1220 6058 1300 6139 No·
1451 6082 1584 6152 atmcu,
1606 6058 1789 6157 mimine,
1804 6058 1973 6139 munera
1987 6056 2127 6161 pupuli
2146 6056 2215 6157 tui,

468 6160 609 6242 varum
638 6161 931 6244 doemuuiurum
959 6165 1117 6246 vidatm·
1143 6187 1301 6245 aunun-
1390 6102 1447 6270 R
1481 6166 1711 6251 mactatum
1742 6164 1951 6248 festivitate
1981 6167 2115 6246 votiva
2139 6195 2148 6245 :
2176 6174 2217 6247 et

1380 4982 1543 5063 numina
1562 5004 1651 5062 meo
1669 4980 1906 5061 exalttbitur
1923 5003 2049 5061 comu
2067 4986 2167 5083 ejus.
2295 5036 2299 5043 -
