5325 7200
872 811 991 893 llissu
1011 810 1149 891 Votivn
1166 810 1214 887 tle
1236 812 1307 891 ὃὸ.
1330 812 1604 891 §aeramento
1681 874 1685 886 .

791 1102 997 1209 MlssA
1019 1100 1307 1208 vo'vlvt
1331 1101 1684 1208 SOLEMNIS

727 1430 838 1503 voss
880 1432 1252 1507 ssmvsommmv
1292 1434 1442 1523 vsovn
1477 1436 1538 1504 ιιι
1582 1434 1771 1513 mscvs.

551 1693 759 1774 lntroitvs.
771 1686 923 1769 Psalm.
941 1696 1006 1774 80.

360 1823 536 1908 :3215532
557 1816 677 1879 imvm
705 1822 776 1880 eos
796 1823 844 1880 ex
858 1800 976 1905 ldipe
992 1800 1194 1901 frumtnti,

1286 1694 1326 1772 in
1345 1703 1383 1777 te
1402 1702 1564 1799 sperent
1593 1694 1787 1776 Dbmino:
1812 1703 1853 1777 et
1871 1704 1913 1777 tn
1930 1694 2003 1776 dos
2030 1697 2110 1781 illis

1283 1824 1413 1881 escam
1435 1806 1476 1883 in
1493 1804 1674 1907 tempore
1691 1804 1928 1909 oppovtino.
1946 1802 1983 1901 l.
2009 1804 2110 1909 Ape·

355 1919 389 2012 ,ι’
424 1902 537 2013 ss
564 1905 675 1989 etde
704 1916 831 2013 petro,
852 1910 970 1991 melle
1003 1911 1194 1992 sstnrivit
1281 1909 1337 1988 ris
1355 1918 1399 1989 tu
1417 1934 1581 2001 menum
1601 1922 1740 1992 tuem:
1770 1918 1809 1990 et
1826 1911 1970 2014 imples
1986 1936 2107 1995 omns

425 1997 536 2137 ”l
566 2037 650 2096 eos.
665 2016 808 2099 Psslm.
830 2019 1015 2099 llxultbte
1027 2020 1112 2100 Deo
1126 2018 1195 2098 sd-

1280 2014 1429 2099 inimsl
1446 2018 1737 2105 benedictione..

358 2129 540 2171 ι’
563 2123 690 2225 jutbvi
717 2133 880 2206 nostro:
909 2126 1077 2231 jubilbte
1107 2128 1192 2209 Deo
1323 2124 1503 2207 'l'vnetus
1527 2122 1617 2207 Mal.
1658 2126 1690 2201 l.
1713 2124 1783 2203 bb
1801 2135 1891 2205 ortu
1917 2128 2011 2212 solis
2039 2152 2105 2207 us·

349 2224 490 2307 looob.
512 2240 556 2335 jv.
586 2230 721 2311 Gloria
738 2231 860 2312 Patri.

701 2344 854 2423 Oratio.

350 2474 506 2649 Dens,
531 2449 605 2551 qui
621 2447 737 2529 nobis
751 2447 825 2528 sub
841 2448 1098 2530 sacramento
1115 2450 1188 2529 mi·

1278 2245 1357 2326 qno
1376 2225 1428 2303 sd
1445 2226 1643 2325 occisum,
1664 2252 1852 2333 magnum
1870 2246 1930 2314 est
1955 2258 2101 2318 nomen

1277 2354 1411 2411 meum
1426 2334 1466 2411 in
1483 2334 1734 2433 Gentibnsi'.
1764 2337 1812 2421 m
1827 2344 1866 2419 in
1885 2345 1994 2423 omni
2011 2344 2100 2423 loco

1276 2440 1535 2539 sacrificolum
1568 2454 1607 2523 et
1638 2444 1801 2527 offertur
1819 2449 1972 2529 nomini
2009 2474 2100 2530 meo

454 2556 600 2653 ribili,
627 2554 824 2657 possibnis
842 2562 920 2634 tuae
949 2554 1185 2634 memoriam
1273 2546 1423 2628 oblitio
1441 2550 1616 2629 munda:
1639 2552 1733 2651 quia
1751 2576 1939 2658 magnum
1954 2568 2014 2638 est
2029 2582 2099 2638 no·

351 2662 587 2767 reliquisti:
620 2662 752 2743 tribue
770 2684 1014 2763 quaesumus,
1035 2663 1091 2741 ita
1111 2685 1185 2745 nos
1273 2678 1365 2736 men
1397 2679 1530 2737 meum
1549 2658 1590 2735 in
1610 2659 1817 2741 Gbntibus.
1835 2663 1872 2763 lv.
1898 2664 2008 2745 l'vov.
2044 2668 2080 2741 5.

352 2770 552 2875 torporis
583 2780 623 2851 et
640 2770 854 2875 Singuinis
883 2770 939 2849 tui
958 2792 1069 2848 snorn
1099 2793 1183 2871 my·

352 2878 472 2959 steria
489 2879 694 2975 venerim,
723 2888 769 2957 ut
787 2876 1074 2979 redemptionis
1103 2886 1182 2956 tum

350 2986 527 3067 fructum
581 2988 624 3065 in
675 2986 793 3065 nobis
839 2984 985 3089 jiigiter
1036 2985 1181 3064 sentii-

351 3115 454 3279 ἕως.
484 3092 572 3193 Qui
600 3094 699 3175 vivis
719 3102 759 3173 et
791 3116 936 3195 regnos
968 3115 1062 3173 oum
1095 3093 1181 3173 Deo

382 3212 481 3282 stre.

354 3309 489 3391 {tectio
515 3306 711 3410 Epistoloe
738 3304 847 3387 betti
864 3305 975 3386 Pauli
1000 3304 1180 3409 Apostob

446 3416 503 3497 sd
526 3414 774 3499 Corinthios.
796 3424 830 3503 l.
848 3421 939 3502 Cor.
960 3423 1018 3497 ll.
1034 3418 1072 3495 d.

381 3547 568 3622 vnvmns,
585 3546 660 3628 ego
677 3522 785 3603 enim
806 3520 940 3626 setini
959 3544 982 3600 s
1000 3520 1176 3601 Domino

356 3550 393 3718 ¹⁴
416 3633 528 3736 qnod
542 3641 586 3712 et
597 3629 743 3712 trididi
754 3629 880 3726 vobis
898 3629 1088 3733 quonism
1101 3628 1178 3708 llo

353 3740 627 3836 minuslesns,
647 3739 688 3816 in
702 3744 913 3839 qnonoole
928 3735 1173 3832 tmdebitnv,

355 3848 504 3952 aceepit
520 3869 669 3952 panem
699 3855 737 3924 et
756 3843 902 3946 gvitias
918 3867 1039 3944 agens
1060 3843 1178 3945 fregit

355 3955 532 4036 et'dixit:
554 3953 731 4056 boclpite
748 3960 788 4032 et
804 3949 1039 4031 menducbte
1059 3980 1068 4030 ι
1090 3953 1176 4031 lloe

356 4072 411 4140 est
427 4085 579 4167 corpus
597 4081 731 4140 meum
748 4057 858 4160 quod
874 4081 950 4159 pro
963 4059 1078 4139 vobis
1095 4067 1175 4138 tva·

357 4167 495 4249 detur:
525 4171 604 4250 boo
623 4168 739 4248 licite
768 4166 810 4243 in
839 4189 970 4248 meam
998 4191 1173 4248 comme·

356 4277 631 4357 metationem.
678 4273 870 4355 Similiter
918 4282 959 4353 et
1007 4275 1172 4353 cilicem

1271 2764 1424 2863 Venite,
1458 2765 1654 2847 comedite
1683 2792 1826 2869 panem
1858 2792 2022 2849 meum:
2058 2784 2098 2855 et

1268 2872 1394 2953 bibite
1413 2872 1546 2957 vinum
1564 2872 1674 2976 quod
1691 2876 1832 2955 miscui
1851 2878 1976 2959 vobis.

1562 2984 1789 3087 Sequentia.

1264 3088 2095 3299 E“tltili-¹¹illutibilis

1269 3324 1349 3384 non
1367 3303 1583 3385 mittendus
1600 3302 1779 3386 ciuibus.
2079 3260 2091 3301 ’

1313 3411 1528 3517 loliginis
1555 3410 1831 3514 presignetur,
1862 3432 1953 3491 cum
1982 3410 2093 3491 lsaso

1268 3518 1513 3617 immolttuv·‚
1535 3540 1661 3620 agnus
1684 3519 1845 3600 Psscbae
1861 3519 2088 3624 deputitun

1268 3627 1386 3705 detur
1408 3647 1554 3704 manns
1571 3627 1766 3729 pitribus.

1312 3741 1340 3818 ll
1351 3756 1428 3815 ono
1444 3745 1596 3837 postor,
1614 3734 1730 3838 ponis
1747 3755 1853 3830 vove,
1870 3733 1980 3832 Jesn,
2000 3759 2091 3816 nos-

1267 3843 1318 3922 tvi
1337 3843 1526 3924 miserere
1545 3870 1554 3922 :
1588 3853 1633 3923 tu
1663 3863 1737 3924 nos
1754 3863 1887 3951 pasce,
1915 3864 1989 3922 nos
2007 3843 2090 3922 tue·

1267 3973 1337 4030 re:
1354 3959 1397 4046 tu
1415 3973 1490 4034 nos
1515 3949 1622 4032 bons
1652 3949 1713 4030 iso
1741 3947 1875 4036 videre
1908 3947 1950 4033 in
1982 3960 2089 4028 tems

1264 4057 1492 4139 viventium.

1305 4173 1335 4246 'l
1347 4189 1388 4262 u,
1405 4167 1476 4268 qui
1495 4173 1637 4246 cuneta
1652 4163 1909 4262 scisetvsles‚
1928 4165 2086 4266 quinos

1263 4273 1395 4375 pascis
1425 4273 1491 4353 bio
1521 4272 1711 4359 mortiise
1721 4299 1735 4363 ι
1764 4280 1854 4352 tuos
1884 4269 1956 4350 ibi'
1975 4293 2083 4352 oom-

357 4392 566 4486 postqnsm
597 4381 764 4464 eoenivit
785 4379 948 4459 dicens:
970 4380 1045 4460 llic
1071 4381 1172 4459 celix
1262 4379 1474 4478 menstles,
1510 4379 1739 4460 eobaeredes
1756 4390 1798 4460 et
1836 4379 1993 4466 sodales
2020 4379 2082 4458 iso

357 4512 497 4572 novum
514 4490 797 4574 testamentum
815 4497 875 4569 est
905 4488 947 4565 in
964 4511 1055 4567 meo
1082 4487 1172 4567 sin·
1261 4489 1490 4568 senetbrum
1507 4488 1665 4569 elvinm.
1685 4487 1826 4566 Amen.

404 4598 480 4680 ine.
514 4599 602 4680 lloe
618 4598 749 4697 licite,
765 4595 1095 4698 qnotiesovimqne
1112 4595 1172 4673 bi·
1251 4595 1478 4699 Sequentia
1497 4595 1622 4676 saneti
1642 4594 1841 4697 Evangelii
1860 4595 2079 4682 seovindum

401 4706 463 4802 tis,
495 4707 539 4785 in
572 4727 704 4785 menm
732 4702 1169 4790 oommemomtibnom,

358 4809 689 4916 Qvotiesovimque
730 4812 838 4891 enim
877 4808 1169 4890 mnndnotbitis

357 4940 492 5017 ponem
506 4921 629 5017 buno,
648 4928 688 5000 et
704 4917 869 4998 oilicem
886 4916 1046 5013 bibetis,
1065 4937 1169 4996 mov-

1471 4702 1685 4788 Joinnem.
1700 4705 1795 4804 (lap.
1816 4711 1851 4784 o.

1299 4835 1322 4890 ιι
1349 4809 1418 4890 illo
1437 4812 1645 4913 tempore:
1679 4809 1788 4894 Dixit
1803 4813 1919 4892 lesus
1949 4811 2079 4894 turbis

1326 4918 1559 5002 iudeorum
1582 4946 1591 4996 :
1611 4917 1714 4998 Caro
1733 4940 1822 5002 meo
1839 4943 1930 5000 vere
1947 4929 2008 5002 est
2024 4922 2078 4998 ci·

358 5032 431 5106 tem
455 5029 621 5110 Domini
638 5023 940 5120 annuntibbitis‚
960 5023 1087 5102 donee
1104 5024 1167 5102 ve
1255 5025 1346 5124 bos,
1377 5035 1419 5106 ot
1445 5026 1606 5130 sangnis
1624 5047 1737 5108 meus
1754 5051 1845 5110 vere
1863 5037 1924 5110 est
1938 5038 2074 5130 potos.

358 5131 444 5215 nint.
460 5137 601 5240 ltaque
614 5133 854 5238 quievimque
870 5129 1167 5211 manduconem

1257 5135 1336 5240 Qui
1354 5134 1567 5216 mnndbmt
1591 5155 1722 5216 meam
1738 5158 1900 5223 earnem
1919 5147 1958 5224 et
1974 5136 2078 5218 bibit

357 5261 490 5342 panem
518 5246 627 5323 buno
642 5241 704 5323 vel
731 5239 878 5319 biberit
904 5236 1066 5314 otlioem
1085 5236 1164 5316 llo
1255 5267 1390 5326 meum
1421 5245 1670 5347 singuinem,
1690 5243 1731 5322 in
1761 5265 1826 5326 mo
1855 5254 2003 5342 manet,
2034 5255 2076 5330 et

358 5347 653 5476 miniindlgne,
680 5369 782 5471 ⁸rens
812 5345 890 5424 evit
916 5343 1095 5445 obmovis
1123 5353 1165 5425 et
1254 5377 1327 5477 ego
1344 5355 1386 5434 in
1404 5355 1488 5434 illo.
1507 5354 1619 5434 Sient
1645 5351 1753 5433 misit
1770 5374 1834 5432 me
1850 5353 1982 5436 vivens
2001 5354 2074 5433 Pn-

358 5453 548 5558 stngmms
573 5457 747 5537 [lomim.
768 5453 914 5535 Probet
935 5461 1068 5530 autem
1102 5477 1162 5535 se-
1251 5467 1326 5560 tev,
1347 5471 1387 5544 et
1417 5485 1489 5565 ogo
1516 5462 1604 5544 vivo
1635 5468 1799 5566 propter
1832 5459 2013 5546 Patrem:
2034 5469 2074 5544 et

358 5557 476 5664 lpsnm
494 5567 630 5662 bomo,
653 5572 694 5644 et
711 5561 768 5642 sie
783 5561 835 5640 de
847 5581 950 5664 pene
967 5557 1037 5642 illo
1054 5561 1160 5664 edat,

357 5670 450 5752 etde
466 5674 589 5754 oblico
608 5673 731 5752 bibat.
759 5669 838 5769 Qui
866 5669 973 5748 enim
994 5671 1162 5751 mnndi·

358 5787 476 5863 estet
508 5781 611 5862 bibit
642 5779 817 5880 indigne,
853 5775 1047 5878 jndloinm
1085 5781 1160 5859 sibi

358 5889 556 5970 mendicet
582 5895 624 5968 et
657 5887 774 5985 bibit,
817 5907 897 5966 non
938 5884 1161 5987 dijidimns

359 6013 487 6098 comus
506 5995 679 6078 Domini.

394 6111 593 6194 tlvvtlusle.
615 6112 676 6190 l’s.
716 6114 799 6189 ιιι.
822 6100 947 6184 (lculi
976 6099 1157 6189 bmnium

1251 5571 1320 5672 qni
1339 5569 1555 5649 mendicat
1572 5591 1649 5664 mo,
1669 5565 1815 5670 etipse
1847 5565 1950 5648 vivet
1979 5589 2072 5666 pvo-

1249 5688 1340 5781 ptor
1357 5699 1435 5756 me.
1458 5676 1533 5762 llio
1563 5671 1771 5776 selbonis,
1799 5671 1867 5772 qni
1900 5671 1951 5752 de
1969 5671 2070 5754 ooelo

1248 5783 1467 5870 deseendit
1490 5783 1578 5863 Non
1597 5781 1700 5888 sicot
1732 5777 2072 5864 manducaverunt

1246 5903 1381 5996 potres
1409 5891 1528 5972 vestri
1554 5909 1702 5974 manns
1733 5887 1939 5973 etmbvtui
1961 5899 2067 5970 sunt.

1246 6002 1325 6099 Qut
1345 5996 1556 6078 mondioot
1584 5997 1866 6104 bunoponem,
1898 5996 1998 6080 vivet
2029 5998 2069 6080 in

1247 6110 1498 6190 aetivnnm.t]
1513 6103 1622 6188 redo.
