5325 7200
798 1018 866 1093 Die
894 1042 982 1093 xxv.
1011 1020 1104 1091 Dec.
1136 1020 1176 1094 ln
1203 1014 1410 1092 Nativitate
1440 1016 1609 1091 Domini.

683 1266 762 1329 DIE
787 1265 868 1331 vlt.

689 1386 724 1435 rs
751 1382 867 1433 tusto

585 1488 773 1567 SANCTl
799 1488 981 1563 ANIANl

480 1624 703 1674 CARNL'TEN.
734 1624 851 1674 Ertsc.
881 1626 927 1673 ET
954 1620 1067 1672 CONF.

416 1713 547 1787 lllissa
583 1710 812 1789 Sacerdotes
840 1710 907 1786 tui.
938 1713 986 1787 de
1022 1712 1175 1786 Comm.

299 1853 303 1898 ι
370 1820 484 1893 Conl.
517 1824 633 1895 Pont.
658 1843 696 1917 p.
714 1815 792 1891 xiv.
815 1836 953 1918 prater
974 1815 1179 1892 Orationes

300 1909 330 1992 ¹·
373 1942 597 2023 sequentes.

302 2125 305 2136 Ι
707 2032 853 2109 Oratio.

303 2179 306 2288 i
376 2160 486 2325 Da
504 2136 692 2215 Ecclesiae
707 2152 797 2227 tuae,
812 2133 1034 2213 misericors
1048 2135 1153 2211 Deus
1171 2156 1179 2205 :

330 2319 334 2406 l
377 2348 569 2449 pietatem
590 2366 698 2427 tuam
721 2372 793 2448 pro
817 2346 902 2447 ipsa
926 2370 1079 2448 semper
1094 2354 1183 2423 exo

331 2451 334 2482 ¹
378 2472 481 2547 rent3
499 2460 536 2530 dr
550 2456 716 2531 fructum
727 2454 767 2531 in
778 2454 893 2531 nobis
907 2454 1087 2529 laborum
1101 2456 1182 2554 ejus

377 2560 616 2639 custodiant.
630 2564 704 2639 Per
716 2560 930 2639 Dominum
939 2576 1115 2636 nostrum
1125 2562 1183 2636 le

298 2717 309 2758 2,
379 2694 465 2745 sum
482 2668 696 2747 Christum.

299 2787 336 2872 ,1,
427 2774 655 2849 Commem.
678 2772 806 2847 Feriae.

701 2882 866 2953 Secreta.

463 3014 591 3065 stara
619 2995 807 3080 manera,
830 3012 1079 3087 quaesumus,
1101 2991 1182 3067 Do·

385 3006 465 3181 O
484 3094 605 3187 mine,
619 3094 806 3195 propitius
819 3093 986 3194 suscipe,
999 3100 1184 3194 eaquevi·

382 3228 495 3279 scera
507 3201 691 3295 caritatis,
706 3226 791 3301 quae
803 3203 917 3281 beato
928 3201 1081 3278 Aniano
1091 3204 1185 3277 Pon·

302 3375 306 3386 .
335 3361 340 3418 ¹.
396 3308 475 3383 ttici
489 3325 559 3383 tuo
575 3307 759 3401 infudisti,
775 3308 835 3383 fac
851 3331 924 3382 nos
939 3307 1083 3407 perpeti
1103 3310 1183 3407 ejus

303 3391 307 3508 l
336 3421 340 3500 ἱ
384 3412 569 3512 suffragio
581 3420 801 3513 persentire.
816 3412 1108 3489 PerDominum
1118 3438 1186 3491 no·

312 3541 315 3609 l
384 3536 507 3597 strum
519 3522 655 3597 Jesum
668 3520 877 3600 Christum.

434 3621 658 3718 Commem.
677 3616 809 3692 Feriae.

622 3723 949 3802 Postcommunio.

455 3863 672 3930 nommant-3,
685 3836 865 3930 Domine,
876 3839 1022 3937 populo
1032 3853 1120 3914 tuo:
1136 3842 1184 3929 ἃ,

387 3863 453 4028 Ρ
475 3945 735 4022 intercedente
752 3947 866 4020 beato
888 3944 1042 4020 Aniano
1061 3946 1186 4020 Ponti·

385 4051 457 4126 fice
469 4077 481 4144 ;
512 4058 707 4152 perpetuae
735 4050 1010 4126 misericordia
1036 4049 1186 4127 afflictis

387 4158 573 4233 omnibus
586 4155 765 4258 impende
777 4155 1094 4234 subsidiumPer
1106 4159 1186 4232 Do·

387 4264 540 4340 minum
565 4283 740 4340 nostrum
758 4265 891 4340 lesum
915 4261 1110 4342 Christum
1132 4265 1187 4338 Fi·

316 4428 318 4441 .
386 4369 480 4446 lium
503 4386 614 4446 tuum
633 4370 738 4465 :Qui
759 4385 887 4446 tecum
898 4368 993 4446 vivit
1009 4373 1044 4444 &
1057 4385 1188 4468 regnat

308 4462 345 4559 ll
392 4476 430 4551 in
446 4476 594 4553 unitate
609 4475 784 4576 Spiritus.

438 4583 660 4656 Commem.
679 4577 812 4654 Feriae.

830 4698 1186 4709 ————-—·-o———-———-

706 4775 784 4838 DIE
810 4775 871 4838 lX.

694 4903 730 4950 m
756 4899 874 4949 resto

507 4999 727 5078 SANCTI
770 5000 1071 5076 AMBROSll

557 5129 671 5180 unse.
702 5129 816 5181 cous.
847 5131 894 5179 ur
916 5128 1028 5180 noer.

439 5219 567 5296 Missa
593 5235 635 5292 ut
659 5219 697 5294 in
723 5217 871 5296 Missali
907 5218 957 5294 ad
987 5218 1089 5294 diem
1122 5243 1187 5292 vn.

391 5329 507 5424 hujus
522 5324 676 5400 mensis.
691 5352 729 5429 p.
748 5329 834 5405 316.
855 5349 946 5402 cum
969 5329 1185 5402 Commem.

316 5460 319 5487 ¹
391 5434 730 5512 atravatense.

308 5588 319 5793 ⁵,
723 5629 798 5692 om
822 5629 865 5692 x.

702 5751 738 5800 IN
769 5747 887 5798 fusto

309 5822 320 5977 l
439 5851 736 5928 Tanusmr.
761 5853 931 5928 ALMAE
958 5850 1142 5928 pomus

309 6000 313 6039 .

706 5983 740 6030 B·
770 5979 812 6029 M.
841 5978 877 6026 Υ.

309 6046 313 6099 ²
443 6072 571 6150 Missa
593 6083 634 6146 ut
656 6070 694 6148 in
718 6069 993 6172 Supplemento
1013 6069 1190 6168 generali.

396 6203 433 6277 p.
450 6203 511 6256 xc.

1521 1256 1600 1323 DIE
1621 1254 1753 1321 xvttt.

1544 1376 1580 1425 m
1613 1375 1730 1429 resto

1315 1446 1740 1567 uxracmmoms
1761 1488 1964 1567 PARTUS

1438 1610 1472 1658 a.
1501 1611 1627 1659 nimiu
1657 1612 1829 1661 unmms.

1287 1702 1334 1777 Ut
1350 1698 1387 1771 in
1402 1698 1679 1795 supplemento
1693 1700 1872 1795 generali.
1889 1734 1927 1808 p,
1945 1708 2035 1809 χρῆ,

1528 1898 1606 1963 DIE
1629 1898 1741 1962 XXV.

1321 2016 1375 2091 m
1400 1989 1726 2093 mrtvrr'rru
1752 2014 1957 2093 nomm.

1283 2134 1345 2209 Ad
1367 2130 1554 2207 Officium
1575 2132 1715 2207 Matut.
1735 2132 1788 2229 (in
1808 2134 1938 2208 Choro
1963 2148 2040 2209 tan-

475 2260 523 2319 ut
545 2244 683 2319 merita
696 2242 817 2319 sanai
841 2240 1025 2342 Episcopi
1043 2239 1184 2319 Auiani
1237 2245 1335 2335 tum)
1366 2252 1452 2337 post
1479 2240 1543 2311 IX.
1570 2240 1674 2313 Lecl.
1703 2253 1877 2313 cantatur
1899 2241 2041 2315 Genea-

1237 2349 1337 2445 logia
1364 2352 1412 2421 D.
1438 2348 1488 2421 N.
1512 2349 1546 2421 J.
1576 2350 1620 2421 C.
1654 2346 1868 2423 secundum
1900 2350 2036 2425 Matth.

1286 2459 1328 2529 ln
1357 2452 1533 2528 Ecclesia
1563 2451 1794 2543 Cathedrali,
1826 2455 1896 2529 sub
1922 2456 2038 2529 finem

1235 2562 1327 2637 noni
1381 2558 1523 2635 Psalmi
1573 2558 1768 2651 Matutini,
1829 2560 2037 2654 Diaconus

1236 2667 1520 2757 SubdiaconuS,
1565 2665 1752 2756 Crucil'er,
1792 2668 1971 2767 Acolythi
2009 2674 2041 2743 ἃ

1236 2771 1487 2850 Thurilerarii
1557 2796 1647 2845 cum
1712 2769 1794 2845 aliis
1861 2773 2041 2849 ministris

1238 2882 1384 2956 adeunt
1411 2878 1657 2972 Sacristiam;
1680 2878 1806 2977 ibique
1829 2880 2039 2977 Diaconus,

1237 2989 1394 3063 indutus
1412 2986 1568 3079 amic'lu,
1595 2986 1695 3077 alba,
1724 2984 1889 3083 cingulo,
1920 2990 2041 3063 mani-

1238 3097 1345 3193 pu10‚
1372 3094 1469 3169 stola
1498 3091 1755 3167 &dalmatica
1785 3094 1859 3167 albi
1887 3095 2040 3187 coloris,

1238 3199 1398 3297 genibus
1429 3198 1537 3273 llexis
1559 3214 1646 3271 ante
1675 3197 1923 3293 Crucifixum,
1955 3201 2044 3277 dicit

1240 3322 1410 3381 secreto:
1432 3308 1583 3387 Munda
1606 3332 1675 3385 cor
1696 3334 1841 3385 meum.
1868 3312 1900 3381 ἃ
1922 3310 2036 3403 Jube,

1241 3422 1406 3511 Domne,
1431 3414 1655 3493 benedicere
1687 3425 1727 3483 ut
1757 3410 1794 3483 in
1820 3411 1951 3487 Missis
1975 3415 2044 3513 prl-

1240 3518 1339 3594 vatis
1371 3532 1457 3591 ante
1482 3518 1630 3613 Evang.
1662 3514 1828 3591 Proinde
1851 3543 1931 3593 non
1954 3520 2046 3620 petit

1243 3623 1548 3702 benedictionem
1595 3623 1644 3697 ab
1693 3623 1958 3700 Hebdomario
2005 3643 2045 3700 ut

1242 3733 1451 3831 plurimum
1475 3729 1513 3804 in
1534 3727 1677 3804 Officio
1705 3729 1821 3804 Chori
1847 3730 2042 3830 impedito.

1242 3839 1314 3914 His
1337 3835 1511 3937 peradis,
1543 3860 1701 3932 surgens
1727 3835 1922 3912 Diaconus
1957 3863 2044 3912 cum

1242 3945 1490 4021 Subdiacono
1510 3941 1681 4016 similiter
1699 3940 1851 4034 induto,
1874 3943 1954 4018 sine
1970 3969 2048 4018 ma-

1243 4053 1375 4150 nipulo
1404 4067 1547 4140 tamen,
1575 4049 1816 4146 praecedente
1851 4050 2048 4125 Crucilero

1242 4184 1334 4234 cum
1388 4155 1637 4232 Cerolerariis
1685 4160 1718 4229 ἃ
1778 4157 2047 4232 Thurilerariis

1242 4265 1402 4362 aliisque
1429 4263 1625 4354 ministris,
1662 4264 1877 4360 procedunt
1913 4289 2048 4338 omnes

1243 4368 1593 4470 processionaliter,
1621 4369 1793 4444 Chorum
1819 4394 1842 4443 a
1864 4385 1969 4468 parte
1999 4373 2049 4446 la-

1241 4476 1351 4553 terali
1375 4476 1651 4573 ingrediuntur,
1679 4481 1712 4548 8<
1736 4475 1835 4553 latia
1860 4477 1969 4552 altari
1993 4477 2052 4551 de-

1244 4581 1323 4656 bita
1343 4581 1572 4673 reuerentia,
1588 4580 1715 4655 statim
1731 4582 1877 4656 vadunt
1893 4583 1944 4656 ad
1963 4581 2019 4656 inf
2038 4627 2050 4636 -

1244 4687 1387 4760 riorem
1423 4702 1572 4785 partem
1610 4686 1742 4778 Chori,
1781 4685 2050 4761 Thurilerariis

1246 4789 1432 4867 continuo
1468 4790 1768 4883 incensantibus
1795 4791 1968 4866 Diacono
2003 4807 2051 4866 te-

1246 4913 1358 4974 nente
1379 4912 1542 4996 utraque
1563 4921 1681 4970 manu
1699 4895 1838 4971 librum
1854 4898 2049 4994 Evangelii

1245 5008 1451 5080 elevatum.
1488 5007 1625 5078 Postea
1661 5003 1857 5078 Diaconus
1883 5003 2052 5079 incensat

1245 5113 1387 5188 librum
1418 5117 1451 5186 a
1481 5125 1608 5186 cantat
1637 5109 1910 5208 Genealogiam
1941 5136 2052 5210 :qua

1245 5217 1364 5308 linita,
1383 5216 1539 5293 inchoat
1556 5217 1757 5292 Canticum
1774 5223 1833 5298 Te
1853 5224 1994 5298 Deum.
2020 5223 2053 5292 a

1246 5325 1312 5400 dat
1354 5323 1494 5398 librum
1535 5323 1795 5401 Subdiacono,
1841 5327 1924 5423 lpse
1961 5349 2053 5399 vero

1247 5429 1383 5530 jundlis
1395 5431 1575 5506 manibus
1588 5447 1675 5506 ante
1684 5431 1829 5529 pedm,
1843 5455 2054 5528 omnesque

1248 5536 1310 5613 alii
1353 5535 1513 5612 ministri
1553 5537 1713 5613 redeunt
1748 5535 1797 5610 ad
1834 5537 2053 5612 Sacristiam

1247 5643 1636 5746 processionaliter&
1656 5668 1722 5742 per
1742 5641 1919 5716 eamdem
1934 5641 2051 5734 viam,

1250 5777 1321 5827 nec
1352 5751 1464 5826 datur
1497 5749 1593 5824 liber
1615 5749 1914 5848 Evangeliorum
1947 5775 2057 5826 oscu-

1250 5857 1400 5934 landus.
1429 5857 1626 5956 Tempore
1649 5879 1833 5952 congru0,
1870 5883 2006 5934 omnes
2035 5885 2054 5930 e

1251 5962 1427 6040 Sacrario
1464 5963 1624 6036 redeunt
1670 5959 1720 6036 ad
1757 5964 1930 6040 Chorum
1967 5989 2055 6038 cum

1250 6071 1475 6145 Celebrante
1510 6068 1560 6144 ad
1587 6069 1848 6146 inchoandam
1893 6069 2055 6170 primam

1216 6200 1221 6303 ί
1252 6177 1413 6252 Missam
1431 6175 1467 6252 in
1483 6175 1609 6252 media
1627 6179 1748 6256 nodie.

311 6292 2086 6449 l———-—-------—--—---

310 6431 2127 6494 w
