5325 7200
1188 1309 1626 1438 rlNGLlAE.
2194 1397 2197 1406 »

583 1608 693 1632 „
710 1605 766 1667 *aa
781 1586 909 1664 Proprie
924 1586 1105 1648 Officiorum
1121 1607 1157 1648 ac
1171 1587 1335 1650 blissarum
1355 1603 1393 1646 ex
1415 1584 1595 1663 spostolicae
1616 1584 1703 1646 Sedis
1725 1582 1921 1650 concessione
1941 1583 1974 1646 in
1991 1583 2107 1662 Angliae
2131 1585 2251 1646 Dioece·

589 1683 591 1691 ’
618 1726 624 1740 Ι
680 1667 694 1739 ⁵2,
766 1666 850 1726 sibus
858 1668 1017 1743 bucusque
1026 1665 1175 1739 adhibito,
1188 1685 1286 1744 quum
1295 1662 1447 1727 nonnulla
1455 1661 1707 1724 desiderarentur
1718 1659 2009 1736 FestaSauctorum,
2024 1664 2076 1741 qui
2092 1661 2247 1742 insignem
2305 1710 2310 1721 .

568 1817 570 1824 Ι
635 1798 639 1806 ,
676 1793 681 1807 ,
740 1761 835 1822 eam
847 1743 1004 1821 regionem
1018 1742 1087 1804 vitae
1099 1745 1304 1806 sanctimonia
1318 1747 1350 1804 et
1369 1740 1590 1802 miraculorum
1606 1741 1769 1819 splendore
1794 1739 1925 1818 mirifice
1948 1740 2155 1814 illustrarunt,
2176 1743 2246 1802 llmi
2306 1772 2309 1781 ·

569 1870 603 1903 ,p
634 1818 639 1842 ³
676 1824 737 1902 i
766 1821 935 1882 earundem
949 1821 1132 1882 Dioecesium
1152 1822 1313 1882 antistites
1336 1819 1501 1882 consilium
1518 1819 1677 1879 iniverunt
1696 1819 1947 1897 supplementum
1962 1819 2142 1892 adornandi,
2162 1820 2248 1898 quod

573 1895 695 1951 ι’-ἱ-ὺ)
727 1912 740 1950 ’-
767 1900 874 1962 Officia
887 1917 958 1959 cum
972 1898 1118 1960 Missisde
1135 1899 1248 1961 eisdem
1271 1898 1392 1962 Sanctis
1405 1895 1528 1976 pmpria
1546 1897 1815 1974 complecteretur.
1848 1895 1926 1957 Hinc
1952 1895 2103 1975 ejusmodi
2126 1899 2248 1976 supple·
2305 1948 2308 1957 .

561 1989 703 2043 mentum
715 1983 755 2041 ab
768 1979 842 2056 ipsis
857 1978 969 2038 eximio
981 1978 1083 2039 studio
1104 1978 1322 2039 elucubratum
1335 1975 1534 2038 Sanctissimo
1548 1975 1677 2036 Domino
1689 1977 1797 2036 Nostro
1811 1973 1903 2034 Leoni
1925 1976 2015 2052 Papae
2030 1975 2112 2035 x111.
2134 1976 2249 2036 bumil-
2304 1984 2309 1993 “

561 2057 635 2118 lime
650 2059 870 2128 exbibuerunt,
884 2057 1124 2133 expostulantes,
1148 2062 1183 2116 ut
1194 2055 1271 2117 illud
1281 2071 1427 2132 suprema
1443 2051 1628 2114 auctoritate
1642 2071 1698 2114 sua
1709 2052 1880 2131 approbare
1897 2053 2089 2134 dignaretur.
2305 2106 2310 2119 ‚

601 2136 723 2197 Placuit
736 2154 809 2196 vero
825 2134 927 2196 eidem
939 2133 1139 2195 Sanctissimo
1152 2135 1283 2194 Domino
1296 2135 1406 2194 Nostro
1441 2131 1538 2191 caelati
1553 2132 1761 2210 supplementi
1785 2149 1914 2191 examen
1930 2131 2124 2192 committere
2138 2131 2246 2192 Sacro·
2305 2126 2310 2139 '

561 2233 633 2274 rum
650 2216 778 2274 [lituum
793 2210 1043 2290 congregationi,
1064 2231 1144 2291 quae,
1172 2212 1320 2273 omnibus
1340 2151 1447 2271 sedulis
1469 2209 1622 2287 expensis,
1645 2209 1900 2288 supplementum
1930 2210 2031 2288 ipsum
2047 2227 2066 2269 a
2080 2227 2113 2270 se
2137 2227 2247 2268 emen·
2304 2208 2308 2265 :

561 2292 669 2353 datum
683 2298 777 2370 atque
792 2291 983 2361 ordinatum,
1000 2292 1103 2369 prouti
1117 2291 1270 2371 superiori
1282 2289 1315 2349 in
1331 2287 1471 2366 exemplo
1491 2289 1620 2366 prostat,
1636 2286 1757 2364 probari
1773 2305 1860 2366 posse
1880 2291 2011 2349 censuit.
2034 2289 2131 2358 Quam
2154 2304 2249 2364 porro
2306 2326 2310 2335 ·

561 2373 662 2432 Sacra
677 2369 1130 2448 Congregationissententiam
1154 2369 1310 2429 Sanctitas
1319 2367 1392 2438 Sua,
1412 2365 1569 2426 referente
1582 2364 1779 2444 infrascripto
1798 2366 1978 2439 Secretario,
1994 2371 2094 2426 ratam
2117 2365 2247 2436 babens,
2304 2358 2309 2417 i

562 2449 670 2509 Officia
685 2466 757 2508 cum
776 2447 875 2508 Missis
903 2447 935 2506 in
977 2446 1188 2524 suprascripto
1207 2446 1427 2525 supplemento
1448 2444 1607 2514 contenta,
1633 2442 1664 2502 in
1695 2461 1787 2503 usum
1809 2441 1889 2504 Cleri
1915 2449 2102 2504 cunctarum
2128 2443 2248 2520 Angliae
2304 2440 2308 2507 l

562 2527 745 2587 Dioeccsium
760 2530 823 2587 lam
836 2523 999 2587 Saecularis
1015 2543 1107 2603 quam
1123 2523 1283 2601 Regularis
1295 2523 1475 2582 Dioecesano
1487 2519 1671 2582 llalendario
1683 2521 1810 2592 utentis
1826 2521 2007 2599 approbavit
2020 2540 2056 2582 ac
2070 2520 2226 2582 concessit
2239 2541 2247 2592 ;
2303 2528 2309 2585 i

561 2608 699 2664 attamen
713 2603 855 2681 injuncto
867 2621 963 2664 onere
976 2607 1021 2674 nt,
1036 2609 1198 2682 postquam
1219 2603 1286 2662 baec
1299 2601 1405 2661 omnia
1431 2599 1550 2660 fuerint
1574 2598 1657 2678 typis
1670 2617 1753 2672 cusa,
1769 2598 1881 2677 duplex
1897 2617 2006 2660 eorum
2025 2597 2248 2660 authenticum
2303 2590 2309 2675 ξ

562 2681 768 2760 exemplarad
793 2682 891 2760 ipsam
915 2683 1041 2743 Sacram
1068 2683 1196 2742 Rituum
1221 2679 1499 2758 Congregaticnem
1514 2675 1753 2738 transmittatur.
1781 2677 1949 2738 Contrariis
1969 2696 2032 2739 non
2053 2675 2250 2740 obstantibus
2304 2678 2310 2761 Ῑ

561 2758 819 2839 quibuscumque.
832 2759 944 2819 niort.
957 2761 1088 2838 Augusti
1102 2760 1186 2820 1883.
2303 2768 2309 2809 1

581 2950 583 2953 ¹
602 2871 741 2932 Praesens
755 2869 953 2949 [inplicatam
967 2871 1146 2951 expeditum
1161 2870 1221 2932 luit
1232 2869 1291 2930 bac
1305 2867 1355 2930 die
1365 2845 1416 2928 ll.
1431 2865 1534 2929 Martii
1547 2867 1631 2926 {aaa

1273 3131 1306 3184 c.
1333 3129 1565 3184 statuunt<
1596 3101 1853 3182 clarianus

1414 3237 1441 3291 S.
1456 3237 1488 3290 R.
1511 3237 1542 3290 C.
1567 3237 1728 3290 Praefectus.

1643 3413 1753 3455 taurici
1765 3411 1825 3454 sua
1839 3403 1960 3456 struas!
2302 3414 2306 3465 ι

2302 3476 2307 3499 l

1726 3537 1753 3588 s,
1770 3535 1800 3588 u.
1816 3535 1846 3586 e.
1867 3535 1942 3587 secr.
2056 3535 2058 3540 ·
2301 3508 2307 3660 Ι

1265 4338 1407 4417 lmprimi
1435 4341 1572 4417 possunt.

1160 4640 1345 4713 blecbliniae,
1364 4640 1414 4702 die
1432 4644 1470 4703 at
1489 4644 1627 4705 ianuarii
1648 4648 1732 4707 1885.

1091 4974 1271 5049 'll’li'l‘ltlls'
1289 4988 1528 5055 tlslllttljlt'll's,
1605 4976 1744 5035 tucciae.
1763 4975 1962 5038 Manatum.

521 6364 2301 6413 --—---——-——--—-—·--·····-··'

1127 6430 1277 6493 bassunis,
1298 6431 1443 6485 conssul.
1456 6456 1488 6471 -
1498 6438 1659 6479 anscausus.
