5325 7200
641 1015 683 1108 4⁶
1064 1032 1183 1084 urssAE
1207 1031 1373 1083 mortun
1398 1027 1589 1080 accunsrn
1614 1025 1863 1077 n1vrousus1s

642 1175 777 1226 sumus
801 1149 947 1226 sicut&
964 1173 1036 1225 vos
1052 1166 1197 1243 nostra,
1215 1147 1255 1224 in
1274 1147 1336 1223 die
1357 1149 1437 1222 Do-

641 1255 870 1332 mininostri
887 1259 978 1332 Jesu
999 1254 1151 1331 Christi.
1168 1209 1208 1372 li.
1234 1257 1272 1330 Ι.
1290 1257 1381 1329 Cor.
1400 1279 1435 1351 9.

641 1361 673 1436 ἅ
690 1385 727 1457 4
749 1363 859 1460 Opus
881 1386 1012 1435 meum
1031 1384 1104 1435 vos
1127 1359 1216 1436 estis
1240 1359 1279 1433 in
1303 1356 1438 1434 Domi-

641 1491 711 1561 no;
731 1467 880 1542 namin
901 1467 1052 1543 Christo
1068 1469 1159 1542 Jesu
1178 1489 1246 1564 per
1268 1467 1439 1560 Evange-

640 1571 734 1647 lium
754 1598 823 1671 ego
839 1597 912 1648 vos
933 1573 1057 1671 genui
1077 1571 1252 1664 Alleltria,
1271 1569 1436 1646 alleltria.

639 1681 757 1776 ῨΗΙΙ
776 1682 868 1754 Cor.
889 1702 924 1753 2.
942 1676 1093 1754 Gratias
1111 1681 1223 1752 Deo·
1197 1673 1437 1775 ,quitribm-

639 1785 733 1883 phat
752 1808 824 1859 nos
852 1784 891 1858 in
913 1784 1066 1860 Christo
1087 1786 1193 1871 Jesu,
1220 1786 1254 1857 δι
1276 1782 1437 1857 odorem

639 1887 781 1964 notitiae
795 1913 873 1964 suae
888 1889 1106 1964 manifestat
1118 1914 1187 1988 per
1201 1912 1285 1963 nos.

922 1997 1148 2093 Sequentia.

719 2125 858 2192 XULTA,
885 2099 975 2174 felix
991 2100 1119 2191 Divio,

639 2121 717 2286 E
746 2207 844 2299 Quae
857 2205 1016 2303 Benigni
1030 2205 1196 2303 glorioso

689 2310 1105 2408 Decoranssanguine.

641 2415 684 2488 ln
697 2414 846 2490 Graecia
860 2415 1000 2491 sanetis
1015 2431 1135 2508 satus,

690 2519 893 2619 Polycerpi
908 2544 1002 2596 cura
1014 2521 1165 2614 doetus,

688 2625 828 2700 Christi
842 2625 946 2700 fulsit
959 2627 1116 2702 litmine.

638 2729 794 2806 Cunelis
808 2733 924 2806 rebus
939 2732 1140 2826 abdicatis,

684 2837 777 2910 Zelo
789 2837 956 2935 flagrans
969 2837 1153 2931 veritatis,

684 2941 798 3016 Venit
809 2942 847 3017 in
863 2943 1139 3040 Burgimdiam.

636 3045 742 3122 Sacri
751 3047 860 3122 verbi
874 3048 1084 3122 seminator

686 3155 736 3226 Et
750 3160 926 3227 errorum
942 3152 1165 3251 extirpator,

686 3257 877 3332 Fundevit
889 3257 1117 3333 Ecclesiam.

636 3362 771 3437 Multis
786 3363 906 3437 claret
919 3362 1114 3438 miraculis
1132 3389 1140 3440 :

685 3471 804 3543 Sanat
816 3471 989 3563 morbos,
1008 3469 1091 3544 dira
1106 3469 1240 3546 mortis

683 3573 870 3650 Dissolvit
890 3573 1064 3675 imperia.

636 3679 779 3755 Fremit
792 3679 961 3772 daemon,
978 3683 1232 3777 Caesarfurit3

684 3784 759 3860 Sed
770 3787 918 3883 Martyr
931 3786 1020 3860 fidei
1037 3787 1163 3863 reddit

683 3890 849 3965 lnvietus
863 3891 1063 3989 obsequia.

635 3995 812 4088 Quantus
824 4005 1103 4072 tormentorum

686 4100 817 4175 Prodit
830 4110 1052 4201 apparatus

683 4205 823 4281 Stridet
833 4208 1073 4305 flagellerum

685 4312 783 4387 letus
796 4314 990 4412 repetitus.

634 4417 851 4492 Bestiarum
866 4419 1015 4514 dentes,

683 4524 1162 4624 Plumbumliquefaetum,

683 4630 859 4717 Lanceae,
876 4640 1096 4723 mucrones,

686 4735 828 4809 Parant
842 4736 1012 4811 exitium.

633 4840 874 4916 Transversa
897 4844 1022 4918 lossus
1037 4842 1189 4941 gemina

683 4948 801 5020 Latus
815 4956 1023 5047 utrumque
1038 4952 1185 5042 lancea,

683 5051 849 5125 Crucem
864 5055 978 5149 gessit
992 5054 1091 5130 intra
1106 5056 1226 5129 corda

683 5156 814 5247 Quam
829 5182 982 5257 semper
993 5170 1203 5235 amaverat.

632 5260 724 5333 Non
735 5257 853 5357 spinis
866 5280 981 5363 caput
999 5266 1189 5364 pungitur,

682 5366 894 5442 Cerebrum
907 5371 1014 5446 veele
1028 5371 1225 5468 frangitur,

681 5468 820 5568 Sicque
832 5474 935 5571 pugil
962 5484 1174 5551 coronetur

681 5575 772 5650 Ritu
788 5602 866 5676 quo
882 5589 1066 5680 cupierat.

632 5681 668 5753 Ο
681 5682 862 5781 Benigne,
882 5688 995 5763 Pater
1009 5691 1114 5764 carel

677 5790 862 5883 Apestole
877 5792 999 5889 gentis
1015 5810 1170 5886 nostrae,

678 5891 786 5965 Fidei
802 5895 952 5995 Martyr
961 5902 1160 5997 praeclare,

680 5997 791 6089 Quos
805 6003 957 6095 amasti,
974 6030 1078 6080 nunc
1088 6014 1194 6081 tuere

676 6100 734 6173 De
749 6105 850 6179 coelo
863 6110 1069 6204 potentius.

1496 1142 1709 1220 Credamus
1722 1164 1808 1240 quae
1819 1137 2003 1234 docu1st1

1544 1251 1752 1346 Pergamus
1768 1268 1847 1376 quo
1858 1201 2083 1344 pervenisti,

1543 1356 1692 1429 Tecum
1707 1360 1927 1428 mercemur
1938 1351 2012 1426 frui

1543 1458 1707 1534 Coronis
1722 1458 1969 1558 perennibus.

1590 1569 1730 1642 Amen.
1747 1562 1923 1640 Alleluia.

1493 1671 1542 1770 ᾧ
1570 1669 1774 1769 Sequentia
1793 1668 1911 1744 sanai
1931 1665 2129 1764 Evangelii
2154 1669 2291 1738 secirn-
2342 1756 2346 1779 Ι

1619 1776 1714 1850 dum
1728 1777 1921 1850 Marcum.
1941 1775 2075 1848 Marc.
2105 1773 2161 1846 16.
2342 1786 2345 1805 ¹

1545 1907 1569 1954 u
1595 1881 1658 1956 illo
1687 1889 1886 1999 tempore:
1913 1877 2016 1954 Dixit
2037 1879 2151 1953 lesus
2177 1873 2290 1948 disci·
2342 1852 2345 1951 i

1497 1905 1555 2070 Ι
1565 1986 1665 2086 pulis
1680 1985 1776 2062 suis:
1790 1982 1959 2060 Ettnres'
1950 2008 1989 2058 1n
2004 1981 2196 2056 mundum
2211 1978 2291 2054 uni·
2340 1970 2344 2063 Ι

1493 2100 1663 2186 versum,
1685 2091 1890 2191 predicate
1909 2087 2164 2187 Evangelium
2184 2081 2290 2160 omni

1494 2205 1689 2274 creatora.
1707 2193 2015 2291 Quicrediderit,
2033 2191 2290 2292 &baptizatus
2365 2244 2368 2269 r

1493 2303 1615 2397 inerit,
1632 2303 1761 2378 salvus
1777 2302 1868 2376 erit·
1858 2325 1949 2400 qur
1963 2323 2056 2376 vero
2070 2322 2149 2374 non
2172 2296 2291 2372 credi-

1494 2409 1603 2504 derit,
1641 2406 1975 2484 condemnitbitur.
2015 2405 2128 2503 Signa
2160 2417 2288 2477 autem

1494 2540 1561 2590 eos
1564 2541 1659 2633 ,qur
1650 2513 1922 2602 crediderint,
1946 2515 2030 2588 haec
2054 2517 2286 2633 sequentur:
2372 2578 2373 2589 .

1493 2621 1532 2696 in
1546 2619 1703 2696 nomine
1724 2644 1812 2696 meo
1833 2617 2025 2695 daembnia
2042 2615 2208 2717 ejicient,
2225 2613 2290 2690 lin·
2364 2700 2366 2719 Ι

1493 2729 1575 2824 guis
1600 2728 1805 2846 loquentur
1828 2724 1960 2818 novis3
1996 2731 2192 2823 serpentes
2222 2721 2290 2796 tol·

1493 2835 1587 2928 lent;
1611 2838 1645 2908 ἃ
1671 2831 1702 2907 si
1729 2832 1968 2908 mortiferum
1992 2829 2086 2931 quid
2111 2827 2287 2918 biberint,
2370 2838 2373 2925 ζ

1494 2963 1572 3013 non
1588 2939 1642 3013 eis
1667 2939 1837 3014 nocebit:
1865 2963 1980 3037 super
2005 2959 2127 3033 aegros
2152 2957 2289 3010 manus
2363 3002 2364 3013 .

1493 3045 1704 3145 imponent,
1723 3047 1866 3120 &bene
1880 3045 2091 3119 habebunt.

1542 3149 1683 3225 Credo

1543 3257 1812 3357 offertorium
1842 3258 1878 3330 Ι.
1921 3256 2120 3331 Thessa.
2158 3252 2290 3328 Tradi·
2361 3204 2370 3365 i

1493 3361 1621 3436 dimus
1642 3360 1754 3436 vobis
1784 3385 1863 3436 non
1883 3361 2010 3436 solum
2037 3359 2289 3458 Evangelium
2361 3346 2371 3501 ¹

1493 3467 1578 3560 Dei,
1597 3467 1664 3541 sed
1683 3466 1798 3542 etiam
1821 3465 1970 3541 enimas
1992 3482 2166 3560 nostras;
2194 3473 2289 3564 quo-
2368 3554 2370 3565 ¹

1493 3574 1598 3650 niam
1620 3571 1806 3649 carissimi
1822 3571 1935 3649 nobis
1953 3571 2039 3650 laeli
2066 3571 2170 3647 estis.
2197 3572 2291 3647 Alle·
2368 3643 2369 3688 ἢ

1493 3680 1583 3756 luia.
2361 3743 2363 3818 y

1808 3790 1976 3861 Secreta.
2367 3847 2369 3898 1

1577 3916 1716 3967 noman
1747 3890 1826 3985 tibi,
1854 3890 2033 3983 Domine,
2060 3896 2094 3967 a
2121 3890 2289 3966 laetitiam
2367 3903 2369 4010 l

1496 3913 1575 4085 G
1601 3997 1712 4073 nobis
1728 3997 1902 4073 salutaris
1921 3996 1974 4072 tui
1994 3997 2131 4072 reddat
2152 3997 2291 4072 sacrili-

1494 4105 1598 4181 cium
1611 4106 1796 4197 solemne,
1814 4103 1921 4203 quod
1935 4102 2001 4178 tibi
2015 4105 2088 4178 hac
2105 4128 2218 4179 sacra
2231 4102 2289 4177 die
2367 4191 2368 4216 Χ

1494 4210 1704 4304 offerimus,
1718 4211 2290 4309 gaudentesucongratulantes
2360 4225 2362 4234 ·

1494 4318 1627 4393 sanelo
1647 4319 1818 4415 Benigno
1839 4314 2000 4415 Martyri
2014 4332 2095 4408 tuo,
2120 4316 2184 4390 cui
2205 4324 2289 4413 giru-
2359 4277 2369 4428 ip

1494 4420 1601 4497 dium
1613 4422 1682 4497 suit
1702 4420 1896 4498 immolari
1919 4444 2034 4521 supra
2057 4420 2288 4496 sacrificium
2359 4497 2362 4536 Ι

1494 4534 1526 4605 bt
1562 4526 1792 4628 obsequium
1816 4526 1905 4603 fidei
1932 4544 2087 4604 nostrae.
2119 4530 2193 4603 Per
2218 4532 2290 4603 Do·
2359 4591 2368 4636 μ.

1493 4658 1642 4709 minum
1657 4649 1848 4709 nostrum.
2366 4695 2367 4716 ,

1541 4744 1696 4816 Secreta
1711 4740 1937 4815 Dominicoe
1951 4740 2204 4813 occurrentis.
2358 4795 2361 4848 Ι

1755 4860 2012 4923 PRAEFATIO.
2358 4889 2367 4944 ,ε

1673 4951 1789 5045 (Cum
1813 4953 2002 5047 Cantup.
2027 4948 2108 5047 23)
2357 4947 2367 5054 ly

1584 5081 1654 5130 aar
1673 5054 2030 5154 dignum&justum
2045 5068 2114 5145 est,
2133 5075 2366 5180 aequump
2357 5049 2359 5106 l

1492 5078 1582 5247 V
1598 5160 1820 5252 &salutare
1835 5182 1906 5233 nos
1921 5158 1988 5234 tibi
2002 5182 2155 5257 semper
2169 5160 2289 5233 &ubi
2362 5187 2365 5266 ἰ

1493 5290 1567 5364 que
1586 5264 1861 5363 gratiasagere,
1878 5263 2044 5339 Domine
2060 5264 2204 5356 saneta,
2224 5266 2289 5337 Pa·

1492 5388 1549 5447 ter
1563 5378 1823 5469 ommpotens
1838 5376 1976 5444 aeterne
1992 5372 2119 5445 Deus
2137 5392 2203 5467 qur
2218 5392 2287 5441 nos
2355 5411 2357 5420 ι

1493 5478 1706 5554 seeundum
1736 5474 2038 5551 misericerdiam
2069 5490 2176 5549 tuam
2207 5496 2287 5547 ma·
2355 5499 2363 5536 l

1493 5608 1620 5683 gnam,
1650 5584 1697 5657 de
1726 5580 1891 5657 tenebris
1919 5581 1969 5655 ad
1993 5582 2119 5655 lucem
2149 5587 2286 5653 vocare
2354 5557 2363 5644 r'

1493 5690 1669 5787 dignatus
1697 5712 1762 5778 es,
1792 5686 1898 5763 &de
1925 5694 2111 5785 potestate
2137 5688 2284 5761 Satanae
2353 5731 2362 5768 ,

1493 5803 1657 5894 ereptos,
1674 5794 1713 5867 in
1726 5746 1826 5869 filios
1841 5790 2059 5890 adoptionis
2074 5798 2283 5865 assitmere.
2352 5829 2361 5896 ,ᾗ

1493 5903 1580 5977 Tua
1595 5900 1712 5992 enim,
1730 5898 1907 5991 Demine,
1926 5896 2204 5989 misericordia,
2223 5912 2284 5971 tua
2351 5889 2354 5930 ¹

1493 6007 1624 6104 gratia,
1639 6006 1802 6080 verbum
1817 6002 1906 6079 fidei
1923 6002 1961 6077 in
1977 6002 2089 6078 nobis
2103 6000 2283 6101 Martyris
2351 6067 2353 6078 .

1492 6111 1546 6187 tui
1562 6113 1693 6187 labere
1715 6110 1945 6185 seminatum
1964 6124 2032 6201 est,
2047 6112 2081 6182 δι
2102 6107 2284 6206 sanguine
2350 6109 2359 6198 “,

2355 6203 2359 6389 Ι
