5325 7200
1054 774 1127 847 Die
1145 777 1219 874 xxj.
1237 775 1255 848 J
1263 770 1345 850 ulii.
2047 777 2080 851 15

347 951 448 1004 rum
465 929 625 1003 tuorum
641 926 750 998 tuere
766 917 959 1022 praesidiis
981 979 990 1008 ,
1011 943 1184 1018 quorum

347 1025 1180 1124 donestifidelesessedoctrinis.Quivivis.

683 1141 850 1215 Secreta.

458 1264 667 1334 toulant,
713 1242 909 1328 Domine,
954 1243 1183 1317 sanctorum

345 1269 440 1442 G
464 1354 741 1454 Apostolorum
767 1355 931 1428 tuorum
951 1354 1183 1449 perpetuam

349 1467 617 1548 celebrantes,
649 1484 907 1558 quaesumus:
935 1473 977 1534 ut
1000 1455 1182 1531 eamdem

351 1571 481 1648 sacris
498 1566 695 1669 mysteriis
711 1565 878 1665 exploti,
911 1563 1068 1663 dignius
1085 1564 1183 1640 cele·

352 1680 529 1754 bremus.
550 1672 632 1770 Qui
650 1672 766 1750 vivis.

605 1784 943 1866 postcommunio,

454 1907 659 1969 basonus
695 1893 947 1988 omnipotens
984 1889 1111 1977 Deus,
1139 1901 1182 1961 ut

467 1999 601 2076 fideles
640 1994 698 2072 tui
736 1997 983 2072 venerendas
1022 1993 1181 2069 assidue

495 2107 737 2182 celebrantes
769 2109 994 2180 sanctorum
1014 2108 1180 2201 Aposto-

352 2213 485 2289 lorum
511 2216 674 2288 tuorum
708 2209 925 2310 passiones,
955 2225 992 2284 et
1021 2206 1179 2306 copiam

353 2319 555 2395 inveniant
582 2323 779 2417 perpetuae
806 2313 1041 2402 devotionis,
1068 2331 1179 2390 etsa-

353 2427 608 2503 hitisaeternae
635 2423 820 2523 suflrogia
846 2427 996 2526 majora
1014 2426 1180 2521 conqui-

354 2551 460 2612 rant.
476 2533 554 2630 Qui
569 2532 686 2610 vivis.

589 2747 764 2826 FESTA
789 2742 951 2824 JULll.

436 3069 491 3144 tu
511 2973 1108 3144 aasro⁰iiivi¹sv1uotuts

538 3193 594 3252 DE
610 3191 758 3250 MONTE
775 3187 985 3246 CARMELO.

410 3285 515 3364 Utin
536 3283 704 3362 Missali.

677 3505 750 3566 DIE
766 3501 851 3568 xxi.

675 3611 716 3667 ΙΝ
736 3610 866 3668 Festo

383 3702 453 3780 SS.
470 3700 729 3779 VICTORIS
751 3701 823 3775 ET
842 3698 1149 3787 SOClORUM,

641 3824 886 3882 MARTYRUM.
1018 3890 1021 3895 ,

563 3916 762 3994 lntroitus.
787 3919 905 3994 Rom.
925 3919 963 3997 8.

393 4075 404 4081 -
438 4063 449 4070 ν’
482 4083 519 4119 4,
540 4041 705 4099 norrun
723 4036 773 4110 te,
795 4018 990 4109 Domine,
1012 4019 1175 4097 mortifi-

369 4129 407 4244 ἲς
431 4098 468 4225 ᾖ
500 4107 526 4220 ii
557 4136 699 4207 camur
715 4144 795 4204 tota
807 4126 896 4203 die:
918 4126 1098 4204 aestimoti
1114 4154 1177 4205 su·

369 4206 408 4356 {ip
441 4216 526 4389 agir}
556 4264 649 4314 mus
678 4236 779 4314 sicut
806 4260 901 4311 oves
924 4235 1169 4313 occisionis:

372 4352 525 4406 ³222-
554 4345 693 4421 sedin
723 4342 912 4419 omnibus
940 4349 1174 4442 superemus

361 4462 509 4543 propter
523 4476 616 4527 eum
640 4450 710 4551 qui
741 4448 873 4526 dilexit
903 4474 988 4525 nos.
1023 4457 1169 4534 l‘saltn.

359 4561 412 4645 45.
435 4562 541 4633 Deus
564 4574 707 4645 noster,
742 4555 935 4655 refugium
961 4572 997 4633 et
1013 4556 1169 4635 virtus:

361 4654 504 4755 adjutor
518 4662 558 4740 in
574 4663 898 4741 tribulationibus
913 4688 1001 4763 quae
1016 4663 1172 4741 invene-

360 4780 442 4841 runt
455 4793 527 4845 nos
546 4770 679 4849 nimis.
691 4785 737 4864 y,
760 4769 895 4848 Gloria
917 4769 1035 4847 Patri.

683 4885 832 4961 Oratiu.

448 5003 738 5065 MN1POTENS
769 4986 1004 5085 sempiterne
1046 4989 1167 5077 Deus,

362 5010 596 5179 Omundi
639 5102 791 5172 creator
828 5112 864 5170 et
908 5112 1055 5184 rector,
1100 5096 1169 5196 qui

361 5192 480 5275 beatos
500 5203 695 5303 Mortyres
712 5221 801 5278 tuos
817 5201 1014 5277 Victorem
1036 5260 1045 5285 ,
1069 5203 1169 5278 Feli·

358 5299 533 5397 tionum,
569 5311 837 5386 Alexandrum
874 5325 992 5407 atque
1025 5310 1169 5409 Longi·

358 5432 457 5500 nutu,
489 5439 644 5493 necnon
675 5416 932 5494 Deutherium
956 5419 1166 5515 parvulum

357 5518 399 5595 ad
432 5523 604 5600 nominis
637 5525 695 5601 tui
734 5525 898 5624 gloriam
939 5533 1167 5603 consecrare

357 5628 503 5706 voluisti
526 5660 535 5707 :
556 5632 697 5711 exoudi
724 5635 919 5734 populum
934 5650 1046 5709 tuum
1073 5658 1165 5711 curn

357 5743 570 5817 sanctorum
622 5747 781 5818 tuorum
823 5740 894 5816 tibi
947 5742 1166 5838 patrocinio

356 5844 651 5942 supplicantem.
692 5864 735 5923 ut
773 5848 824 5924 ad
864 5845 974 5947 pacis
1012 5844 1163 5925 donum

356 5951 536 6042 proficiat,
570 5974 606 6031 et
640 5956 732 6033 fidei
766 5955 1043 6052 charitatisque
1072 5982 1163 6056 aug·

356 6060 478 6135 mento
496 6063 702 6161 repleatur.
727 6065 801 6139 Per
820 6060 1054 6139 Dominum.

1301 923 1377 998 Pro
1409 947 1620 1003 comment.
1653 929 1695 1008 S.
1718 925 1927 1014 tuendis,
1952 925 2073 1022 Virgi-

1249 1029 1323 1116 nis,
1347 1027 1383 1104 in
1405 1031 1536 1106 Missis
1551 1032 1710 1130 privatis
1731 1051 1898 1116 tantum,

1582 1141 1731 1222 Oratio.

1315 1260 1442 1320 xnunt
1463 1270 1548 1334 nos,
1582 1251 1689 1324 Deus
1709 1247 1889 1326 salutaris
1912 1266 2072 1326 noster:

1249 1269 1304 1436 E
1332 1368 1374 1426 ut
1393 1352 1491 1428 sicut
1511 1355 1559 1431 de
1587 1359 1707 1432 beotae
1731 1356 1929 1444 PraxediS,
1951 1356 2075 1455 Virgi-

1249 1455 1310 1530 nis
1326 1474 1403 1536 tuae
1429 1461 1635 1540 festivitate
1651 1464 1869 1559 gaudemus
1890 1496 1899 1552 ;
1931 1464 1979 1540 ita
2001 1463 2074 1562 piae

1247 1562 1470 1643 devotionis
1522 1571 1754 1646 erudiemur
1796 1573 1935 1648 affectu
2002 1574 2075 1648 Per

1249 1671 1486 1752 Dominum.

1246 1780 1386 1858 Lectio
1403 1783 1490 1858 libri
1510 1785 1767 1887 Apocalypsis
1786 1785 1887 1862 beati
1907 1785 2072 1864 Joonnis

1462 1892 1655 1990 Apostoli.
1672 1901 1789 1992 ilpoc
1818 1923 1849 1994 7.

1280 2013 1306 2069 Ν
1336 1993 1475 2072 diebus
1503 1997 1604 2074 illis:
1640 2002 1753 2077 Unus
1783 1997 1831 2074 de
1851 1997 2073 2076 senioribus

1296 2100 1392 2177 dixit
1427 2103 1550 2180 mihi:
1592 2107 1665 2194 Hi,
1708 2105 1777 2205 qui
1817 2104 1949 2181 amicti
1982 2127 2072 2180 sunt

1247 2208 1356 2286 stolis
1384 2210 1503 2296 albis,
1525 2213 1729 2312 quisunt,
1759 2229 1794 2288 et
1826 2212 1930 2288 unde
1956 2218 2071 2287 vene-

1248 2321 1366 2393 runtl
1402 2319 1449 2392 Et
1482 2318 1561 2394 dixi
1594 2320 1679 2396 illi:
1715 2321 1885 2398 Domine
1916 2319 1998 2406 mi,
2028 2337 2070 2396 tu

1250 2423 1339 2502 scis.
1364 2425 1412 2500 Et
1431 2423 1524 2500 dixit
1542 2427 1639 2502 mihi
1661 2456 1670 2502 ε
1696 2428 1748 2504 Ηί
1766 2445 1883 2516 sunt,
1917 2427 1984 2527 qui
2004 2452 2071 2503 ve·

1247 2539 1388 2610 nerunt
1406 2533 1457 2610 de
1470 2532 1720 2611 tribulatione
1740 2560 1896 2634 magna,
1914 2551 1950 2611 et
1969 2537 2072 2610 lave·

1247 2657 1336 2716 runt
1355 2641 1472 2716 stolas
1492 2667 1607 2730 suas,
1641 2658 1677 2718 et
1695 2641 1976 2718 dealbaverunt
2003 2667 2069 2719 eas

1246 2747 1285 2822 in
1320 2747 1508 2846 songuine
1553 2750 1666 2848 Agni.
1713 2751 1806 2826 ldeo
1851 2766 1941 2826 sunt
1980 2766 2068 2827 ante

1246 2856 1434 2932 thronum
1472 2857 1558 2944 Dei,
1595 2874 1631 2932 et
1663 2857 1837 2934 serviunt
1870 2856 1905 2932 ei
1935 2856 1999 2934 die
2022 2881 2068 2934 ac

1247 2977 1359 3038 nocte
1383 2962 1422 3037 in
1446 2965 1593 3062 templo
1615 2967 1699 3064 ejus
1721 2993 1729 3041 :
1755 2983 1791 3042 et
1815 2965 1883 3064 qui
1903 2963 2008 3040 sedet
2027 2963 2068 3040 in

1246 3072 1417 3159 throne,
1456 3071 1645 3148 habitobit
1681 3097 1799 3172 super
1835 3071 1947 3148 illos:
1986 3093 2068 3148 non

1245 3177 1436 3263 esurient,
1468 3201 1596 3278 neque
1621 3179 1749 3255 sitient
1775 3177 1960 3278 amplius,
1997 3201 2069 3255 nec

1245 3283 1357 3363 cadet
1398 3309 1515 3386 super
1552 3285 1639 3362 illos
1679 3289 1755 3377 sol,
1798 3311 1925 3386 neque
1963 3286 2068 3362 ullus

1244 3410 1385 3468 aestus:
1407 3393 1598 3492 quoniam
1614 3398 1761 3492 AgnuS,
1782 3393 1850 3494 qui
1871 3393 1911 3469 in
1938 3391 2069 3476 medio

1244 3497 1376 3575 throni
1399 3515 1469 3586 est,
1500 3516 1600 3598 reget
1624 3499 1724 3588 illos,
1752 3517 1788 3578 et
1807 3500 1973 3578 deducet
2001 3525 2069 3576 eos

1245 3605 1295 3681 ad
1314 3604 1403 3682 vitae
1432 3607 1558 3683 fontes
1582 3614 1776 3699 nouorum
1796 3670 1805 3695 ,
1826 3624 1861 3685 et
1880 3609 2070 3705 absterget

1246 3716 1354 3790 Deus
1388 3738 1548 3789 ornnem
1591 3716 1804 3817 lacrymam
1850 3717 1901 3792 ab
1944 3714 2070 3792 oculis

1243 3825 1396 3898 eorum.

1292 3937 1500 4015 Graduule.
1536 3936 1681 4014 Psalm.
1714 3942 1773 4017 105
1804 3955 1840 4015 et
1869 3942 1949 4021 too.
1982 3940 2068 4014 Hu-

1243 4045 1494 4126 miliaverunt
1546 4045 1597 4121 in
1638 4044 1899 4145 compedibus
1950 4043 2070 4143 pedes

1242 4156 1349 4254 ejus:
1368 4156 1515 4231 ferrum
1536 4151 1759 4252 pertronsiit
1773 4151 1948 4228 tinimaru
1969 4154 2066 4252 ejus.

1240 4256 1281 4345 il·
1325 4262 1524 4339 Dominus
1554 4259 1736 4337 contrivit
1766 4276 1899 4358 portas
1932 4282 2067 4349 aereas,

1240 4382 1278 4444 et
1295 4384 1423 4445 vectes
1442 4369 1586 4444 ferreos
1604 4365 1805 4464 confregit.

1288 4474 1496 4562 Alleluia,
1533 4472 1703 4549 alleltiia.
1730 4472 1873 4553 Psnltn.
1903 4476 1969 4551 115.
2003 4470 2067 4549 lli·

1240 4580 1406 4680 rupisti,
1445 4578 1647 4668 Domine,
1675 4579 1833 4655 vincula
1854 4602 1942 4654 mea
1964 4609 1972 4669 ;
1994 4577 2065 4654 tibi

1240 4687 1470 4764 sacrificabo
1526 4686 1695 4761 hostiam
1760 4684 1904 4762 laudis.
1961 4686 2063 4761 Alle-

1239 4793 1333 4870 ltiia.

1236 4898 1288 5003 m
1306 4900 1524 5001 Sequentia
1554 4897 1676 4976 sancti
1702 4896 1902 4997 Evangelii
1926 4904 2064 4975 sectiu-

1332 5098 1336 5105 ,
1404 5009 1693 5084 dumLucam.
1718 5009 1814 5085 Luc.
1843 5028 1895 5083 at.

1239 5131 1299 5300 lu
1338 5113 1404 5191 illo
1439 5122 1640 5215 ternpore:
1668 5112 1779 5189 ‘Dixit
1804 5116 1921 5190 Jesus
1946 5111 2063 5191 discl-

1288 5220 1392 5319 pulis
1424 5222 1531 5299 suis:
1560 5222 1662 5298 Cum
1686 5219 1889 5296 au'dieritis
1911 5220 2059 5320 praelia,

1236 5342 1273 5402 et
1292 5326 1531 5417 seditiones,
1561 5330 1681 5404 nolite
1713 5326 1878 5403 terreri:
1912 5332 2063 5426 oportet

1236 5433 1412 5531 primum
1432 5436 1513 5513 haec
1527 5434 1626 5523 lieri,
1647 5434 1714 5510 sed
1731 5432 1909 5509 nondum
1931 5434 2060 5510 statim

1234 5537 1339 5617 linis.
1361 5543 1477 5620 Tunc
1497 5542 1650 5619 dicebat
1672 5540 1776 5617 illis:
1812 5542 1949 5637 Surget
1969 5562 2063 5637 gens

1234 5664 1370 5725 contra
1403 5666 1570 5746 gentem,
1605 5664 1641 5724 et
1678 5670 1839 5745 regnum
1872 5646 2063 5723 adversus

1234 5778 1410 5853 regnum:
1421 5771 1457 5831 et
1475 5760 1718 5832 terraemotus
1733 5752 1861 5851 magni
1872 5769 1985 5829 erunt
1995 5778 2064 5859 per

1233 5862 1333 5948 loca,
1351 5878 1386 5937 et
1405 5862 1647 5961 pestilentiae,
1666 5877 1703 5937 et
1723 5862 1862 5946 sames,
1880 5867 2063 5936 terrores·

1233 5993 1311 6068 que
1337 5968 1386 6044 de
1404 5970 1534 6055 coelo,
1571 5988 1606 6044 et
1637 5968 1745 6066 signa
1766 5992 1908 6065 magna
1932 5984 2059 6044 erunt.

1197 6074 1201 6141 l
1235 6073 1313 6151 Sed
1345 6094 1434 6153 ante
1466 6076 1716 6153 haecomnia
1748 6074 1921 6177 injicient
1949 6075 2064 6153 vobis
