5325 7200
1048 845 1114 920 lile
1143 843 1233 942 nsij.
1262 845 1454 922 lattiniani,

365 985 560 1068 omnibus
604 987 750 1069 sanctis
799 989 1039 1094 martyribus
1089 991 1192 1088 tuis,

366 1095 546 1176 coelostls
575 1095 742 1176 remedii
774 1094 894 1178 locist
920 1121 1007 1178 esse
1035 1098 1198 1179 consor·

366 1215 442 1282 tes.
463 1203 538 1282 Per
553 1202 784 1283 Dominum.

910 1355 1182 1374 ἢ

604 1428 660 1480 lllli
693 1429 782 1486 xttt.
822 1433 988 1488 tisthttttt.

429 1521 494 1622 ¹S.
525 1521 811 1620 VlNCENTll,
837 1523 1116 1626 naariam,

493 1645 814 1702 earnemcarnem.
832 1647 938 1702 crvrr.
956 1649 1071 1704 vrcsr.

598 1729 801 1810 introitus.
830 1729 895 1809 Ps.
921 1733 981 1810 20.

431 1836 626 1918 urinote
655 1845 736 1934 tua,
769 1835 959 1936 Domine,
1000 1839 1201 1920 laetobitur

368 1854 619 2141 ljmtus‚
649 1953 689 2025 ct
723 1967 845 2046 super
878 1945 1051 2026 salutore
1086 1957 1197 2026 tuum

457 2053 647 2134 exultabit
659 2052 936 2148 vehementem
955 2055 1199 2136 desidorium

366 2160 517 2242 onimae
534 2165 619 2262 ejus
639 2159 814 2240 tribuisti
841 2161 890 2240 ei.
912 2169 969 2244 l's.
991 2163 1199 2264 Quoniam

367 2270 598 2370 prevenisti
638 2290 730 2350 cum
774 2267 816 2345 in
850 2269 1200 2350 benedictionibus

367 2377 633 2457 dulcedinis:
665 2375 835 2478 posuisti
872 2381 911 2456 in
947 2379 1078 2478 copite
1112 2385 1198 2479 ejus

367 2484 563 2566 coronam
582 2484 632 2565 de
645 2482 779 2588 lapide
793 2486 987 2586 pretioso.
1006 2497 1041 2582 t.
1057 2488 1206 2568 Gloria

708 2711 843 2787 (litliitt

369 2593 495 2672 Patri.

370 2823 566 2988 Anemo,
606 2809 800 2912 Domine,
839 2811 1201 2916 supplicationibus

478 2921 624 2998 nostris
667 2945 678 3000 ι
720 2929 764 3000 ut
806 2921 874 3023 qui
907 2945 955 3000 cx
995 2921 1201 3022 iniquitdtc

373 3034 514 3106 nostra
546 3051 635 3108 reos
670 3051 743 3108 nos
778 3051 864 3108 esse
902 3030 1202 3131 cognoscimus,

371 3133 481 3214 beati
506 3135 689 3237 llortyris
710 3139 766 3215 tui
784 3135 980 3217 vincentii
1010 3143 1204 3218 interces-

372 3241 489 3323 sione
515 3242 740 3324 liberemur.
762 3245 837 3324 Per
857 3244 1086 3324 [lominum.

375 3345 509 3432 locrio
539 3351 726 3452 Epistulae
750 3352 792 3431 B.
813 3353 925 3432 Pauli
945 3352 1126 3456 Apostoli
1152 3351 1203 3432 ad

558 3458 798 3540 Corinthios.
820 3473 845 3539 t.
871 3491 955 3566 rap.
980 3475 1014 3544 tt.

401 3578 596 3649 isannes:
621 3567 700 3669 Qui
727 3589 847 3673 parca
873 3565 1061 3666 sominat,
1085 3588 1203 3671 parce

448 3687 487 3755 et
512 3679 649 3772 metct;
676 3678 808 3781 etqui
833 3676 1002 3755 seminat
1024 3676 1064 3754 in
1084 3677 1204 3755 bene·

373 3781 652 3883 dictionibus,
689 3784 739 3863 de
779 3783 1124 3865 benedictionibus
1165 3794 1204 3863 et

277 3884 287 3909 '
374 3898 506 3971 rnctet.
531 3892 813 3996 Unusquisque
845 3900 962 3995 prout
992 3891 1205 3973 destinavit

374 3999 418 4076 in
445 4001 566 4080 corde
593 4022 683 4099 suc,
702 4024 782 4081 nan
802 4024 849 4079 ex
868 4000 1044 4099 tristitia,
1063 4010 1132 4081 aut
1156 4024 1204 4081 ex

374 4108 633 4202 necessitote;
668 4108 834 4187 hilarem
876 4108 982 4189 enirn
1023 4109 1201 4191 datorem

374 4212 508 4316 diligit
538 4216 657 4295 lleus.
682 4216 826 4295 Potens
852 4226 1068 4295 astantem
1095 4216 1203 4294 lleus

374 4343 538 4405 ornnem
573 4322 738 4423 gratiam
771 4322 974 4399 abundius
1008 4321 1136 4399 locere
1163 4324 1202 4399 in

375 4428 563 4523 vobisut
591 4428 631 4507 in
658 4429 845 4509 omnibus
869 4450 1026 4529 semper
1043 4450 1202 4507 omnem

376 4534 655 4617 sufficientiam
678 4537 892 4635 habentes,
918 4536 1127 4616 abundetis
1146 4532 1203 4615 ¹in

377 4666 499 4725 amne
533 4668 634 4749 opus
670 4644 852 4739 bonum,
881 4646 984 4725 sicut
1010 4645 1204 4747 scriptum

378 4760 438 4831 est
480 4781 489 4831 ε
530 4752 758 4856 Dispersit,
793 4750 905 4832 dedit
938 4752 1204 4856 pauperibus,

374 4860 529 4961 justitia
546 4862 631 4964 ejus
646 4868 781 4943 manet
793 4862 834 4940 in
853 4860 1042 4941 seculum
1056 4860 1204 4941 saeculi.

381 4968 461 5066 Qui
489 4976 621 5049 autem
645 4969 897 5047 administrat
922 4990 1057 5047 semen
1084 4966 1205 5047 semi·

380 5077 512 5175 nonti,
539 5086 578 5159 et
613 5099 757 5181 panem
797 5077 848 5156 ad
881 5076 1204 5156 manducondum

380 5188 607 5288 praestobit,
652 5196 693 5267 et
738 5185 1019 5291 multiplicobit
1068 5208 1203 5265 semen

381 5302 637 5393 vestrumst
665 5293 825 5397 augebit
854 5292 1098 5372 incrementa
1126 5292 1205 5371 lru·

381 5424 472 5503 gum
498 5401 662 5503 justitiae
688 5410 842 5483 vestrae.

427 5516 637 5597 cuatuor.
669 5519 726 5596 νε.
764 5526 843 5597 tlt.
877 5506 1202 5611 tteotusvinqui

382 5616 493 5697 timet
531 5616 777 5713 Dominum,
806 5618 846 5694 in
886 5616 1085 5695 mandotis
1120 5622 1204 5717 ejus

382 5727 492 5827 cupit
521 5724 654 5806 nimis.
673 5738 706 5817 r,
743 5726 888 5805 Potens
920 5726 960 5803 in
994 5728 1207 5807 terruerit

382 5858 516 5918 semen
548 5838 652 5939 ejus,
678 5836 879 5939 generatio
907 5834 1106 5915 rectorum
1134 5839 1205 5916 be-

382 5946 601 6028 nedicotur.

2093 851 2124 924 ὃ

1281 990 1472 1176 lcoronam
1515 991 1566 1071 de
1604 991 1737 1094 lapide
1776 991 1962 1094 pretiosa
2006 991 2109 1072 stlte·

1297 1120 1373 1177 ura.

1336 1207 1427 1284 l’cst
1449 1216 1626 1308 septuag.
1646 1210 1804 1287 urraissis
1826 1203 1994 1285 olleliria
2022 1223 2059 1290 ct
2079 1215 2114 1291 l.

1282 1310 2122 1414 seq.diciturl'ractus.ltcsidoriumoniense

1281 1421 1366 1520 ejus
1393 1419 1581 1498 tribuisti
1596 1419 1632 1498 ei
1662 1430 1731 1498 :et
1755 1419 1957 1498 uniuntirtc
1990 1418 2115 1498 labio·

1283 1531 1473 1628 rumeins
1498 1549 1577 1606 non
1604 1524 1792 1605 t'raudosti
1820 1548 1926 1605 eum.
1951 1535 1983 1608 t
2009 1526 2118 1624 Quo·

1282 1635 1389 1713 niam
1408 1633 1633 1738 praevenisti
1660 1655 1751 1713 eum
1771 1633 1811 1709 in
1830 1633 2119 1712 benedictioni·

1282 1743 1358 1823 bus
1381 1742 1617 1822 dulcedinis.
1646 1749 1680 1830 t.
1725 1739 1895 1820 Posuisti
1923 1741 1963 1818 in
1991 1741 2121 1842 copitc

1282 1853 1369 1952 ejus
1385 1847 1575 1930 coronam
1601 1848 1652 1927 de
1673 1845 1807 1951 lopidc
1825 1847 2015 1948 pretioso.

1282 1958 1497 2062 Sequentia
1515 1958 1642 2035 sancti
1665 1953 1866 2055 Evangelii
1890 1952 2115 2033 secondum

1549 2064 1761 2144 bucamc.
1782 2072 1846 2146 at.

1328 2199 1350 2252 n
1382 2171 1453 2252 illc
1481 2170 1691 2273 tompore:
1730 2166 1840 2248 Dixit
1866 2166 1982 2246 tesus
2001 2165 2119 2244 disci·

1284 2195 1320 2362 Ι
1348 2280 1453 2384 pulis
1486 2279 1715 2359 suisztlum
1742 2273 1947 2354 audieritis
1977 2271 2117 2376 praelia

1284 2397 1323 2466 et
1353 2385 1594 2484 seditiones,
1620 2384 1745 2464 nolite
1779 2382 1956 2462 terrori:
1992 2379 2118 2482 opor-

1285 2503 1341 2574 tet
1372 2494 1545 2596 primum
1578 2493 1664 2572 haec
1691 2490 1802 2586 lieri,
1828 2488 1899 2568 sed
1932 2486 2113 2566 nondum

1285 2603 1418 2681 statim
1445 2601 1547 2680 linis.
1571 2603 1682 2679 Tunc
1715 2595 1875 2676 dicebat
1898 2595 1995 2688 illis;
2025 2597 2117 2676 Sur·

1285 2718 1475 2811 pergens
1505 2715 1645 2788 contra
1674 2714 1849 2810 gentem,
1880 2715 1917 2783 et
1949 2720 2115 2806 regnum

1286 2817 1475 2898 aduersus
1522 2835 1688 2919 regnum
1731 2841 1741 2886 ι
1784 2821 1825 2892 ct
1863 2811 2115 2890 terraemotus

1286 2924 1419 3028 magni
1454 2935 1572 3003 erunt
1605 2943 1677 3026 per
1706 2921 1812 3017 luca,
1847 2929 1886 2997 et
1924 2918 2117 3020 pestilen-

1287 3022 1376 3130 tiae,
1401 3040 1441 3112 ct
1469 3031 1615 3127 fames,
1642 3029 1895 3130 terroresque
1917 3029 1967 3105 de
1993 3027 2118 3125 coelc,

1286 3149 1326 3220 et
1350 3141 1464 3243 signa
1495 3160 1638 3241 magna
1667 3147 1795 3217 erunt.
1814 3134 2008 3216 sedante
2030 3133 2118 3214 baec

1287 3249 1422 3330 omnia
1457 3247 1639 3349 injicient
1670 3244 1787 3326 rubis
1821 3266 1963 3321 manus
1994 3263 2117 3339 suas,

1287 3367 1328 3437 et
1352 3355 1665 3460 persequentur,
1692 3351 1891 3432 tradentes
1922 3351 1963 3428 in
1999 3368 2118 3452 synn-

1287 3465 1406 3569 gogus
1433 3473 1472 3544 et
1502 3461 1723 3560 custodias,
1742 3459 1944 3540 trabentes
1973 3460 2026 3536 ad
2055 3479 2116 3536 re·

1285 3571 1353 3675 ges
1369 3582 1408 3653 et
1421 3569 1613 3674 presides
1623 3566 1789 3673 propter
1800 3588 1946 3648 numen
1963 3587 2119 3645 meum:

1286 3682 1488 3783 continget
1524 3676 1654 3757 autem
1698 3676 1813 3757 robis
1857 3676 1898 3751 in
1940 3672 2119 3753 testimo·

1288 3788 1411 3868 nium.
1431 3788 1567 3867 l’onite
1585 3808 1679 3889 ergo
1696 3785 1736 3863 in
1755 3782 1947 3863 cordibus
1967 3782 2120 3877 uestris,

1288 3918 1368 3975 non
1397 3894 1666 3999 proemeditori
1691 3888 2030 3995 quemadmodum
2059 3912 2120 3966 re·

1288 4003 1531 4107 spondeotis.
1558 4001 1641 4102 ligo
1667 4001 1774 4079 enirn
1802 3998 1908 4076 dabo
1931 3994 2046 4076 robis
2064 4018 2119 4075 os

1287 4124 1327 4193 et
1356 4108 1609 4212 sapientiam,
1640 4110 1704 4186 cui
1732 4128 1811 4185 noa
1838 4106 2025 4207 poterunt
2056 4124 2117 4180 re·

1288 4219 1427 4297 sistere
1454 4226 1494 4295 et
1519 4214 1794 4293 contradicere
1822 4232 1963 4288 omncs
1980 4207 2117 4287 adrer-

1288 4325 1383 4403 sorii
1397 4322 1528 4403 vestri.
1542 4317 1772 4398 Tradomini
1789 4326 1920 4395 autern
1940 4314 2119 4416 aparen-

1288 4432 1395 4511 tibus
1412 4440 1452 4510 et
1474 4428 1662 4507 irotribus
1689 4434 1729 4505 et
1753 4424 1932 4527 cognitis
1954 4436 1994 4499 et
2020 4420 2118 4497 aml-

1287 4541 1369 4636 cis,
1395 4548 1435 4619 ct
1459 4545 1587 4617 morte
1616 4532 1801 4626 afficient,
1821 4554 1870 4611 ex
1895 4528 2009 4610 vobis
2039 4558 2047 4602 ε
2076 4539 2117 4607 at

1287 4646 1397 4727 oritis
1428 4644 1524 4727 odic
1548 4642 1735 4723 omnibus
1795 4638 1933 4743 rapter
1968 4658 2115 4717 namen

1288 4777 1421 4833 meum
1449 4783 1458 4832 :
1485 4763 1525 4833 et
1548 4750 1718 4853 capillus
1774 4771 1797 4827 e
1825 4746 1957 4849 cipite
1985 4742 2116 4825 uestro

1288 4884 1368 4941 non
1389 4860 1547 4965 peribit.
1569 4860 1613 4938 ln
1629 4856 1820 4961 patientia
1843 4862 1969 4935 restra
1988 4855 2121 4957 possi-

1288 4971 1433 5051 debitis
1459 4969 1613 5048 animas
1631 4976 1791 5047 vestras.

1332 5079 1470 5165 Credo
1488 5104 1558 5185 per
1581 5088 1703 5161 totam
1734 5080 1940 5161 Octavam.

1333 5190 1602 5273 Oss‘ertorium.
1628 5190 1689 5269 Ps.
1706 5193 1739 5267 8,
1754 5174 1895 5269 Gloria
1911 5186 1951 5257 et
1968 5175 2120 5257 bonore

1287 5290 1485 5373 coronosti
1523 5312 1635 5383 earm,
1671 5296 1711 5368 et
1744 5286 1985 5368 constituisti
2024 5308 2115 5364 cnm

1286 5422 1407 5501 super
1440 5400 1563 5501 opera
1595 5398 1784 5476 manuum
1807 5397 2008 5491 tuorum,
2037 5394 2117 5473 llo-

1288 5531 1407 5585 mrne.

1616 5622 1785 5700 Secreta.

1361 5744 1474 5801 auena
1508 5718 1597 5817 tibi,
1638 5718 1834 5814 Domine,
1869 5725 2015 5797 nostrae
2049 5712 2117 5792 de·

1377 5827 1550 5910 rationis
1582 5824 1806 5918 ollonnam
1846 5848 1936 5927 quae
1971 5835 2011 5903 et
2042 5845 2121 5925 prc

1289 5938 1449 6018 tuorum
1474 5938 1546 6019 tibi
1573 5946 1681 6039 grata
1706 5937 1787 6015 sint
1811 5936 1963 6014 bonore
1985 5936 2114 6035 jasto-

427 6052 629 6154 ,tlleliria,
667 6053 836 6134 allelola.
864 6066 896 6145 i,
938 6064 998 6137 l’s.
1032 6064 1080 6135 aa
1132 6054 1207 6133 ro·
1288 6066 1390 6142 rum,
1408 6055 1447 6126 et
1465 6047 1580 6125 nobis
1598 6042 1861 6139 salutariam
1884 6041 2134 6132 miserante„

382 6162 518 6264 suisti,
559 6161 759 6263 Domine,
797 6182 918 6265 super
964 6175 1083 6263 caput
1123 6164 1207 6263 ejus
1291 6158 1517 6239 reddontur.
1550 6156 1623 6234 rer
1653 6154 1879 6235 Dominum.
