<?xml version="1.0" encoding="UTF-8"?>
<!DOCTYPE html PUBLIC "-//W3C//DTD XHTML 1.0 Transitional//EN"
    "http://www.w3.org/TR/xhtml1/DTD/xhtml1-transitional.dtd">
<html xmlns="http://www.w3.org/1999/xhtml" xml:lang="en" lang="en">
 <head>
  <title>
</title>
<meta http-equiv="Content-Type" content="text/html;charset=utf-8" />
  <meta name='ocr-system' content='tesseract 3.04.00' />
  <meta name='ocr-capabilities' content='ocr_page ocr_carea ocr_par ocr_line ocrx_word'/>
</head>
<body>
  <div class='ocr_page' id='page_1' title='image "./officiapropriad00churgoog_0388.png"; bbox 0 0 5325 7200; ppageno 0'>
   <div class='ocr_carea' id='block_1_1' title="bbox 610 764 1797 866">
    <p class='ocr_par' dir='ltr' id='par_1_1' title="bbox 610 445 2384 900">
     <span class='ocr_line' id='line_1_1' title="bbox 610 764 1797 866; baseline -0.003 -23"><span class='ocrx_word' id='word_1_1' title='bbox 610 781 636 854; x_wconf 73' lang='lat' dir='ltr'><strong>e</strong></span> <span class='ocrx_word' id='word_1_2' title='bbox 1154 765 1289 864; x_wconf 76' lang='lat' dir='ltr'><strong>llicxj.</strong></span> <span class='ocrx_word' id='word_1_3' title='bbox 1316 764 1425 843; x_wconf 87' lang='lat' dir='ltr'><strong>luuli</strong></span> <span class='ocrx_word' id='word_1_4' title='bbox 1451 773 1489 842; x_wconf 84' lang='lat' dir='ltr'><strong>rt</strong></span> <span class='ocrx_word' id='word_1_5' title='bbox 1507 783 1593 844; x_wconf 81' lang='lat' dir='ltr'>xxx.</span> <span class='ocrx_word' id='word_1_6' title='bbox 1621 766 1797 866; x_wconf 75' lang='lat' dir='ltr'><strong>Augusti.</strong></span> 
     </span>
    </p>
   </div>
   <div class='ocr_carea' id='block_1_2' title="bbox 609 932 2326 2964">
    <p class='ocr_par' dir='ltr' id='par_1_2' title="bbox 609 901 2384 1472">
     <span class='ocr_line' id='line_1_2' title="bbox 610 932 2319 1038; baseline -0.003 -16"><span class='ocrx_word' id='word_1_7' title='bbox 610 941 672 1022; x_wconf 85' lang='lat' dir='ltr'><strong>rel</strong></span> <span class='ocrx_word' id='word_1_8' title='bbox 696 941 851 1038; x_wconf 84' lang='lat' dir='ltr'><strong>fratres,</strong></span> <span class='ocrx_word' id='word_1_9' title='bbox 874 944 943 1018; x_wconf 84' lang='lat' dir='ltr'><strong>aut</strong></span> <span class='ocrx_word' id='word_1_10' title='bbox 970 935 1142 1032; x_wconf 87' lang='lat' dir='ltr'><strong>sordres,</strong></span> <span class='ocrx_word' id='word_1_11' title='bbox 1160 941 1229 1014; x_wconf 81' lang='lat' dir='ltr'><strong>aut</strong></span> <span class='ocrx_word' id='word_1_12' title='bbox 1260 941 1431 1034; x_wconf 81' lang='lat' dir='ltr'><strong>putrem,</strong></span> <span class='ocrx_word' id='word_1_13' title='bbox 1515 933 1764 1014; x_wconf 80' lang='lat' dir='ltr'><strong>solemnitdte</strong></span> <span class='ocrx_word' id='word_1_14' title='bbox 1793 932 1983 1024; x_wconf 81' lang='lat' dir='ltr'><strong>defertur,</strong></span> <span class='ocrx_word' id='word_1_15' title='bbox 2011 936 2090 1014; x_wconf 88' lang='lat' dir='ltr'><strong>Per</strong></span> <span class='ocrx_word' id='word_1_16' title='bbox 2107 933 2319 1016; x_wconf 87' lang='lat' dir='ltr'><strong>deirum.</strong></span> 
     </span>
     <span class='ocr_line' id='line_1_3' title="bbox 610 1039 2102 1144; baseline -0.006 -17"><span class='ocrx_word' id='word_1_17' title='bbox 610 1057 681 1128; x_wconf 81' lang='lat' dir='ltr'><strong>aut</strong></span> <span class='ocrx_word' id='word_1_18' title='bbox 712 1054 898 1144; x_wconf 82' lang='lat' dir='ltr'><strong>matrem,</strong></span> <span class='ocrx_word' id='word_1_19' title='bbox 926 1052 995 1124; x_wconf 83' lang='lat' dir='ltr'><strong>sut</strong></span> <span class='ocrx_word' id='word_1_20' title='bbox 1020 1043 1199 1130; x_wconf 83' lang='lat' dir='ltr'><strong>uxerem,</strong></span> <span class='ocrx_word' id='word_1_21' title='bbox 1219 1050 1288 1120; x_wconf 83' lang='lat' dir='ltr'><strong>aut</strong></span> <span class='ocrx_word' id='word_1_22' title='bbox 1311 1039 1430 1135; x_wconf 79' lang='lat' dir='ltr'><strong>lilios,</strong></span> <span class='ocrx_word' id='word_1_23' title='bbox 1764 1040 2102 1122; x_wconf 87' lang='lat' dir='ltr'><strong>Poslcommurrio.</strong></span> 
     </span>
     <span class='ocr_line' id='line_1_4' title="bbox 610 1147 2324 1257; baseline -0.001 -22"><span class='ocrx_word' id='word_1_24' title='bbox 610 1165 680 1235; x_wconf 80' lang='lat' dir='ltr'><strong>aut</strong></span> <span class='ocrx_word' id='word_1_25' title='bbox 697 1179 812 1257; x_wconf 79' lang='lat' dir='ltr'><strong>agros</strong></span> <span class='ocrx_word' id='word_1_26' title='bbox 831 1163 995 1257; x_wconf 87' lang='lat' dir='ltr'><strong>propter</strong></span> <span class='ocrx_word' id='word_1_27' title='bbox 1011 1173 1156 1232; x_wconf 82' lang='lat' dir='ltr'><strong>nomen</strong></span> <span class='ocrx_word' id='word_1_28' title='bbox 1174 1170 1323 1243; x_wconf 88' lang='lat' dir='ltr'><strong>meum,</strong></span> <span class='ocrx_word' id='word_1_29' title='bbox 1342 1147 1432 1224; x_wconf 74' lang='lat' dir='ltr'><strong>cem</strong></span> <span class='ocrx_word' id='word_1_30' title='bbox 1595 1171 1638 1234; x_wconf 80' lang='lat' dir='ltr'><strong>tr</strong></span> <span class='ocrx_word' id='word_1_31' title='bbox 1656 1148 2324 1251; x_wconf 76' lang='lat' dir='ltr'><strong>nobis,quaesumus1)dmine,sarri</strong></span> 
     </span>
     <span class='ocr_line' id='line_1_5' title="bbox 610 1169 2324 1364; baseline -0.001 -22"><span class='ocrx_word' id='word_1_32' title='bbox 610 1263 768 1364; x_wconf 90' lang='lat' dir='ltr'><strong>tuplum</strong></span> <span class='ocrx_word' id='word_1_33' title='bbox 800 1261 979 1362; x_wconf 84' lang='lat' dir='ltr'><strong>accipiet,</strong></span> <span class='ocrx_word' id='word_1_34' title='bbox 1018 1267 1058 1341; x_wconf 84' lang='lat' dir='ltr'><strong>et</strong></span> <span class='ocrx_word' id='word_1_35' title='bbox 1085 1258 1206 1340; x_wconf 84' lang='lat' dir='ltr'><strong>vitam</strong></span> <span class='ocrx_word' id='word_1_36' title='bbox 1237 1254 1430 1336; x_wconf 72' lang='lat' dir='ltr'><strong>eternum</strong></span> <span class='ocrx_word' id='word_1_37' title='bbox 1520 1169 1593 1341; x_wconf 77' lang='lat' dir='ltr'>F</span> <span class='ocrx_word' id='word_1_38' title='bbox 1603 1255 1781 1357; x_wconf 78' lang='lat' dir='ltr'><strong>mysterii</strong></span> <span class='ocrx_word' id='word_1_39' title='bbox 1800 1257 2009 1358; x_wconf 81' lang='lat' dir='ltr'><strong>prrelibbtu</strong></span> <span class='ocrx_word' id='word_1_40' title='bbox 2027 1259 2200 1340; x_wconf 81' lang='lat' dir='ltr'><strong>duleddo</strong></span> <span class='ocrx_word' id='word_1_41' title='bbox 2216 1261 2324 1340; x_wconf 86' lang='lat' dir='ltr'><strong>subsi-</strong></span> 
     </span>
     <span class='ocr_line' id='line_1_6' title="bbox 609 1362 2321 1472; baseline -0.001 -21"><span class='ocrx_word' id='word_1_42' title='bbox 609 1367 843 1472; x_wconf 82' lang='lat' dir='ltr'><strong>possidebit.</strong></span> <span class='ocrx_word' id='word_1_43' title='bbox 865 1364 1009 1446; x_wconf 85' lang='lat' dir='ltr'><strong>Credo.</strong></span> <span class='ocrx_word' id='word_1_44' title='bbox 1514 1362 1625 1448; x_wconf 87' lang='lat' dir='ltr'><strong>dium</strong></span> <span class='ocrx_word' id='word_1_45' title='bbox 1655 1363 1976 1466; x_wconf 79' lang='lat' dir='ltr'><strong>sempiternum:</strong></span> <span class='ocrx_word' id='word_1_46' title='bbox 2016 1376 2055 1448; x_wconf 90' lang='lat' dir='ltr'><strong>et</strong></span> <span class='ocrx_word' id='word_1_47' title='bbox 2093 1391 2198 1471; x_wconf 88' lang='lat' dir='ltr'><strong>quos</strong></span> <span class='ocrx_word' id='word_1_48' title='bbox 2231 1368 2321 1450; x_wconf 75' lang='lat' dir='ltr'><strong>beli</strong></span> 
     </span>
    </p>

    <p class='ocr_par' dir='ltr' id='par_1_3' title="bbox 609 1466 2326 1989">
     <span class='ocr_line' id='line_1_7' title="bbox 662 1466 2324 1562; baseline 0.003 -9"><span class='ocrx_word' id='word_1_49' title='bbox 662 1471 935 1554; x_wconf 88' lang='lat' dir='ltr'><strong>Oll&#39;crturium.</strong></span> <span class='ocrx_word' id='word_1_50' title='bbox 956 1470 1019 1550; x_wconf 90' lang='lat' dir='ltr'><strong>Ps.</strong></span> <span class='ocrx_word' id='word_1_51' title='bbox 1041 1471 1128 1551; x_wconf 76' lang='lat'><strong>150.</strong></span> <span class='ocrx_word' id='word_1_52' title='bbox 1151 1466 1237 1550; x_wconf 88' lang='lat' dir='ltr'><strong>Non</strong></span> <span class='ocrx_word' id='word_1_53' title='bbox 1254 1476 1314 1548; x_wconf 86' lang='lat' dir='ltr'><strong>est</strong></span> <span class='ocrx_word' id='word_1_54' title='bbox 1331 1467 1433 1552; x_wconf 86' lang='lat' dir='ltr'><strong>exal·</strong></span> <span class='ocrx_word' id='word_1_55' title='bbox 1515 1471 1621 1550; x_wconf 84' lang='lat' dir='ltr'><strong>Petri</strong></span> <span class='ocrx_word' id='word_1_56' title='bbox 1667 1471 1870 1562; x_wconf 79' lang='lat' dir='ltr'><strong>leestlni</strong></span> <span class='ocrx_word' id='word_1_57' title='bbox 1919 1475 2160 1562; x_wconf 80' lang='lat' dir='ltr'><strong>membriam</strong></span> <span class='ocrx_word' id='word_1_58' title='bbox 2206 1473 2324 1558; x_wconf 84' lang='lat' dir='ltr'><strong>derdte</strong></span> 
     </span>
     <span class='ocr_line' id='line_1_8' title="bbox 610 1577 2326 1686; baseline -0.003 -18"><span class='ocrx_word' id='word_1_59' title='bbox 610 1589 736 1668; x_wconf 71' lang='lat' dir='ltr'><strong>titum</strong></span> <span class='ocrx_word' id='word_1_60' title='bbox 772 1609 842 1665; x_wconf 90' lang='lat' dir='ltr'><strong>cor</strong></span> <span class='ocrx_word' id='word_1_61' title='bbox 876 1605 1024 1678; x_wconf 87' lang='lat' dir='ltr'><strong>meum,</strong></span> <span class='ocrx_word' id='word_1_62' title='bbox 1059 1603 1189 1682; x_wconf 87' lang='lat' dir='ltr'><strong>neque</strong></span> <span class='ocrx_word' id='word_1_63' title='bbox 1220 1579 1312 1659; x_wconf 80' lang='lat' dir='ltr'><strong>elbti</strong></span> <span class='ocrx_word' id='word_1_64' title='bbox 1343 1586 1436 1655; x_wconf 88' lang='lat' dir='ltr'><strong>suut</strong></span> <span class='ocrx_word' id='word_1_65' title='bbox 1515 1577 1645 1658; x_wconf 84' lang='lat' dir='ltr'><strong>cdlere</strong></span> <span class='ocrx_word' id='word_1_66' title='bbox 1675 1579 1866 1676; x_wconf 77' lang='lat' dir='ltr'><strong>tribuisti,</strong></span> <span class='ocrx_word' id='word_1_67' title='bbox 1900 1580 1952 1666; x_wconf 83' lang='lat' dir='ltr'><strong>ud</strong></span> <span class='ocrx_word' id='word_1_68' title='bbox 1982 1585 2069 1683; x_wconf 76' lang='lat' dir='ltr'><strong>ujm</strong></span> <span class='ocrx_word' id='word_1_69' title='bbox 2106 1597 2326 1686; x_wconf 83' lang='lat' dir='ltr'><strong>quoquest</strong></span> 
     </span>
     <span class='ocr_line' id='line_1_9' title="bbox 610 1683 2325 1792; baseline -0.003 -17"><span class='ocrx_word' id='word_1_70' title='bbox 610 1694 716 1775; x_wconf 87' lang='lat' dir='ltr'><strong>dculi</strong></span> <span class='ocrx_word' id='word_1_71' title='bbox 727 1693 828 1772; x_wconf 87' lang='lat' dir='ltr'><strong>mei:</strong></span> <span class='ocrx_word' id='word_1_72' title='bbox 845 1687 1190 1792; x_wconf 80' lang='lat' dir='ltr'><strong>nequeumbulbvi</strong></span> <span class='ocrx_word' id='word_1_73' title='bbox 1203 1686 1246 1765; x_wconf 89' lang='lat' dir='ltr'><strong>in</strong></span> <span class='ocrx_word' id='word_1_74' title='bbox 1261 1683 1432 1786; x_wconf 76' lang='lat' dir='ltr'><strong>magnis,</strong></span> <span class='ocrx_word' id='word_1_75' title='bbox 1515 1685 1733 1767; x_wconf 81' lang='lat' dir='ltr'><strong>sanctititis</strong></span> <span class='ocrx_word' id='word_1_76' title='bbox 1772 1686 2036 1774; x_wconf 85' lang='lat' dir='ltr'><strong>imitatidnem</strong></span> <span class='ocrx_word' id='word_1_77' title='bbox 2064 1699 2108 1770; x_wconf 90' lang='lat' dir='ltr'><strong>et</strong></span> <span class='ocrx_word' id='word_1_78' title='bbox 2137 1689 2325 1770; x_wconf 80' lang='lat' dir='ltr'><strong>bestitidi·</strong></span> 
     </span>
     <span class='ocr_line' id='line_1_10' title="bbox 609 1791 2321 1904; baseline -0.003 -24"><span class='ocrx_word' id='word_1_79' title='bbox 609 1825 740 1904; x_wconf 88' lang='lat' dir='ltr'><strong>neque</strong></span> <span class='ocrx_word' id='word_1_80' title='bbox 753 1801 795 1878; x_wconf 88' lang='lat' dir='ltr'><strong>in</strong></span> <span class='ocrx_word' id='word_1_81' title='bbox 814 1797 1065 1878; x_wconf 83' lang='lat' dir='ltr'><strong>mirabilibus</strong></span> <span class='ocrx_word' id='word_1_82' title='bbox 1085 1818 1206 1897; x_wconf 89' lang='lat' dir='ltr'><strong>super</strong></span> <span class='ocrx_word' id='word_1_83' title='bbox 1223 1816 1302 1873; x_wconf 87' lang='lat' dir='ltr'><strong>me.</strong></span> <span class='ocrx_word' id='word_1_84' title='bbox 1327 1791 1433 1870; x_wconf 83' lang='lat' dir='ltr'><strong>Alle·</strong></span> <span class='ocrx_word' id='word_1_85' title='bbox 1515 1792 1576 1872; x_wconf 89' lang='lat' dir='ltr'><strong>nis</strong></span> <span class='ocrx_word' id='word_1_86' title='bbox 1620 1793 1849 1886; x_wconf 81' lang='lat' dir='ltr'><strong>socictitem</strong></span> <span class='ocrx_word' id='word_1_87' title='bbox 1890 1797 2099 1897; x_wconf 85' lang='lat' dir='ltr'><strong>pervenire</strong></span> <span class='ocrx_word' id='word_1_88' title='bbox 2157 1799 2321 1886; x_wconf 77' lang='lat' dir='ltr'><strong>murcie.</strong></span> 
     </span>
     <span class='ocr_line' id='line_1_11' title="bbox 609 1899 1853 1989; baseline -0.004 -2"><span class='ocrx_word' id='word_1_89' title='bbox 609 1910 705 1989; x_wconf 80' lang='lat' dir='ltr'><strong>ldis.</strong></span> <span class='ocrx_word' id='word_1_90' title='bbox 1520 1900 1593 1980; x_wconf 78' lang='lat' dir='ltr'><strong>Per</strong></span> <span class='ocrx_word' id='word_1_91' title='bbox 1617 1899 1853 1988; x_wconf 87' lang='lat' dir='ltr'><strong>deinum.</strong></span> 
     </span>
    </p>

    <p class='ocr_par' dir='ltr' id='par_1_4' title="bbox 936 2010 1672 2089">
     <span class='ocr_line' id='line_1_12' title="bbox 936 2010 1672 2089; baseline -0.01 0"><span class='ocrx_word' id='word_1_92' title='bbox 936 2010 1107 2089; x_wconf 81' lang='lat' dir='ltr'><strong>Secreta.</strong></span> <span class='ocrx_word' id='word_1_93' title='bbox 1669 2073 1672 2082; x_wconf 31' lang='lat' dir='ltr'><strong>l</strong></span> 
     </span>
    </p>

    <p class='ocr_par' dir='ltr' id='par_1_5' title="bbox 611 2116 2323 2844">
     <span class='ocr_line' id='line_1_13' title="bbox 611 2116 2105 2304; baseline -0.002 -106"><span class='ocrx_word' id='word_1_94' title='bbox 611 2134 862 2304; x_wconf 77' lang='lat' dir='ltr'><strong>Purrrcsru</strong></span> <span class='ocrx_word' id='word_1_95' title='bbox 888 2120 929 2196; x_wconf 89' lang='lat' dir='ltr'><strong>in</strong></span> <span class='ocrx_word' id='word_1_96' title='bbox 956 2117 1171 2218; x_wconf 79' lang='lat' dir='ltr'><strong>conspectu</strong></span> <span class='ocrx_word' id='word_1_97' title='bbox 1199 2125 1281 2210; x_wconf 85' lang='lat' dir='ltr'><strong>tue,</strong></span> <span class='ocrx_word' id='word_1_98' title='bbox 1303 2116 1437 2194; x_wconf 88' lang='lat' dir='ltr'><strong>dei-</strong></span> <span class='ocrx_word' id='word_1_99' title='bbox 1744 2141 1803 2194; x_wconf 86' lang='lat' dir='ltr'><strong>mu</strong></span> <span class='ocrx_word' id='word_1_100' title='bbox 1828 2143 1910 2200; x_wconf 77' lang='lat' dir='ltr'><strong>rix.</strong></span> <span class='ocrx_word' id='word_1_101' title='bbox 1942 2143 2105 2200; x_wconf 78' lang='lat' dir='ltr'><strong>sucusrr.</strong></span> 
     </span>
     <span class='ocr_line' id='line_1_14' title="bbox 611 2223 2008 2326; baseline 0.003 -26"><span class='ocrx_word' id='word_1_102' title='bbox 611 2291 620 2300; x_wconf 71' lang='grc'>,</span> <span class='ocrx_word' id='word_1_103' title='bbox 657 2316 659 2319; x_wconf 38' lang='grc'>,</span> <span class='ocrx_word' id='word_1_104' title='bbox 702 2251 766 2323; x_wconf 91' lang='lat' dir='ltr'><strong>ne,</strong></span> <span class='ocrx_word' id='word_1_105' title='bbox 799 2225 1011 2306; x_wconf 87' lang='lat' dir='ltr'><strong>humillimi</strong></span> <span class='ocrx_word' id='word_1_106' title='bbox 1045 2225 1159 2326; x_wconf 78' lang='lat' dir='ltr'><strong>Agri,</strong></span> <span class='ocrx_word' id='word_1_107' title='bbox 1190 2223 1435 2302; x_wconf 79' lang='lat' dir='ltr'><strong>immaculdti</strong></span> <span class='ocrx_word' id='word_1_108' title='bbox 1846 2249 2008 2307; x_wconf 80' lang='lat' dir='ltr'><strong>mresro</strong></span> 
     </span>
     <span class='ocr_line' id='line_1_15' title="bbox 613 2319 2284 2433; baseline -0.001 -25"><span class='ocrx_word' id='word_1_109' title='bbox 613 2332 700 2413; x_wconf 86' lang='lat' dir='ltr'><strong>Filii</strong></span> <span class='ocrx_word' id='word_1_110' title='bbox 718 2336 791 2432; x_wconf 92' lang='lat' dir='ltr'><strong>tui,</strong></span> <span class='ocrx_word' id='word_1_111' title='bbox 810 2335 1010 2414; x_wconf 81' lang='lat' dir='ltr'><strong>victimam</strong></span> <span class='ocrx_word' id='word_1_112' title='bbox 1036 2331 1315 2424; x_wconf 80' lang='lat' dir='ltr'><strong>immoldmus;</strong></span> <span class='ocrx_word' id='word_1_113' title='bbox 1346 2353 1437 2433; x_wconf 78' lang='lat' dir='ltr'><strong>qum</strong></span> <span class='ocrx_word' id='word_1_114' title='bbox 1566 2319 1883 2410; x_wconf 75' lang='lat' dir='ltr'><strong>cousuultll.</strong></span> <span class='ocrx_word' id='word_1_115' title='bbox 1930 2326 1994 2404; x_wconf 85' lang='lat' dir='ltr'><strong>ET</strong></span> <span class='ocrx_word' id='word_1_116' title='bbox 2037 2326 2284 2412; x_wconf 75' lang='lat' dir='ltr'><strong>cortuum.</strong></span> 
     </span>
     <span class='ocr_line' id='line_1_16' title="bbox 613 2439 2276 2541; baseline -0.001 -23"><span class='ocrx_word' id='word_1_117' title='bbox 613 2466 701 2541; x_wconf 88' lang='lat' dir='ltr'><strong>nos,</strong></span> <span class='ocrx_word' id='word_1_118' title='bbox 718 2443 825 2522; x_wconf 78' lang='lat' dir='ltr'><strong>betti</strong></span> <span class='ocrx_word' id='word_1_119' title='bbox 843 2443 949 2521; x_wconf 89' lang='lat' dir='ltr'><strong>Petri</strong></span> <span class='ocrx_word' id='word_1_120' title='bbox 968 2439 1172 2521; x_wconf 83' lang='lat' dir='ltr'><strong>leestlni</strong></span> <span class='ocrx_word' id='word_1_121' title='bbox 1189 2439 1437 2520; x_wconf 79' lang='lat' dir='ltr'><strong>interceden-</strong></span> <span class='ocrx_word' id='word_1_122' title='bbox 1586 2454 1615 2514; x_wconf 75' lang='lat' dir='ltr'><strong>s·</strong></span> <span class='ocrx_word' id='word_1_123' title='bbox 1646 2453 1750 2520; x_wconf 71' lang='lat' dir='ltr'><strong>ruunt</strong></span> <span class='ocrx_word' id='word_1_124' title='bbox 1778 2455 1980 2526; x_wconf 75' lang='lat' dir='ltr'><strong>coelestim</strong></span> <span class='ocrx_word' id='word_1_125' title='bbox 2004 2457 2101 2520; x_wconf 75' lang='lat' dir='ltr'><strong>rure</strong></span> <span class='ocrx_word' id='word_1_126' title='bbox 2120 2459 2165 2521; x_wconf 74' lang='lat' dir='ltr'><strong>er</strong></span> <span class='ocrx_word' id='word_1_127' title='bbox 2187 2459 2276 2518; x_wconf 86' lang='lat' dir='ltr'><strong>cmr.</strong></span> 
     </span>
     <span class='ocr_line' id='line_1_17' title="bbox 612 2539 2323 2644; baseline -0.004 -16"><span class='ocrx_word' id='word_1_128' title='bbox 612 2549 719 2628; x_wconf 86' lang='lat' dir='ltr'><strong>tibus</strong></span> <span class='ocrx_word' id='word_1_129' title='bbox 738 2549 904 2644; x_wconf 78' lang='lat' dir='ltr'><strong>meritis,</strong></span> <span class='ocrx_word' id='word_1_130' title='bbox 924 2557 964 2628; x_wconf 89' lang='lat' dir='ltr'><strong>et</strong></span> <span class='ocrx_word' id='word_1_131' title='bbox 988 2546 1216 2626; x_wconf 77' lang='lat' dir='ltr'><strong>innocentie</strong></span> <span class='ocrx_word' id='word_1_132' title='bbox 1244 2548 1333 2627; x_wconf 79' lang='lat' dir='ltr'><strong>vilae</strong></span> <span class='ocrx_word' id='word_1_133' title='bbox 1360 2546 1436 2626; x_wconf 91' lang='lat' dir='ltr'><strong>tibi</strong></span> <span class='ocrx_word' id='word_1_134' title='bbox 1570 2539 1689 2636; x_wconf 76' lang='lat' dir='ltr'><strong>Quod</strong></span> <span class='ocrx_word' id='word_1_135' title='bbox 1707 2540 1782 2620; x_wconf 89' lang='lat' dir='ltr'><strong>suit</strong></span> <span class='ocrx_word' id='word_1_136' title='bbox 1806 2541 1906 2639; x_wconf 89' lang='lat' dir='ltr'><strong>beri,</strong></span> <span class='ocrx_word' id='word_1_137' title='bbox 1928 2544 1999 2622; x_wconf 85' lang='lat' dir='ltr'><strong>sed</strong></span> <span class='ocrx_word' id='word_1_138' title='bbox 2017 2543 2070 2622; x_wconf 89' lang='lat' dir='ltr'><strong>ob</strong></span> <span class='ocrx_word' id='word_1_139' title='bbox 2087 2547 2323 2624; x_wconf 76' lang='lat' dir='ltr'><strong>reverentius</strong></span> 
     </span>
     <span class='ocr_line' id='line_1_18' title="bbox 611 2646 2321 2758; baseline -0.001 -25"><span class='ocrx_word' id='word_1_140' title='bbox 611 2656 753 2734; x_wconf 87' lang='lat' dir='ltr'><strong>reddat</strong></span> <span class='ocrx_word' id='word_1_141' title='bbox 770 2656 965 2758; x_wconf 78' lang='lat' dir='ltr'><strong>acceptos,</strong></span> <span class='ocrx_word' id='word_1_142' title='bbox 987 2665 1026 2733; x_wconf 87' lang='lat' dir='ltr'><strong>et</strong></span> <span class='ocrx_word' id='word_1_143' title='bbox 1042 2653 1176 2733; x_wconf 87' lang='lat' dir='ltr'><strong>cordis</strong></span> <span class='ocrx_word' id='word_1_144' title='bbox 1195 2653 1434 2734; x_wconf 78' lang='lat' dir='ltr'><strong>bumilitite.</strong></span> <span class='ocrx_word' id='word_1_145' title='bbox 1521 2646 1624 2724; x_wconf 81' lang='lat' dir='ltr'><strong>Festi</strong></span> <span class='ocrx_word' id='word_1_146' title='bbox 1642 2647 1681 2727; x_wconf 87' lang='lat' dir='ltr'><strong>S.</strong></span> <span class='ocrx_word' id='word_1_147' title='bbox 1704 2649 1870 2728; x_wconf 82' lang='lat' dir='ltr'><strong>loannis</strong></span> <span class='ocrx_word' id='word_1_148' title='bbox 1893 2651 2084 2752; x_wconf 73' lang='lat' dir='ltr'><strong>baptiste</strong></span> <span class='ocrx_word' id='word_1_149' title='bbox 2112 2655 2321 2734; x_wconf 79' lang='lat' dir='ltr'><strong>transfertur</strong></span> 
     </span>
     <span class='ocr_line' id='line_1_19' title="bbox 613 2753 1955 2844; baseline 0.003 -12"><span class='ocrx_word' id='word_1_150' title='bbox 613 2765 690 2844; x_wconf 82' lang='lat' dir='ltr'><strong>Per</strong></span> <span class='ocrx_word' id='word_1_151' title='bbox 705 2763 897 2844; x_wconf 71' lang='lat' dir='ltr'><strong>efimdem</strong></span> <span class='ocrx_word' id='word_1_152' title='bbox 919 2763 1152 2842; x_wconf 77' lang='lat' dir='ltr'><strong>deinum.</strong></span> <span class='ocrx_word' id='word_1_153' title='bbox 1519 2753 1557 2830; x_wconf 85' lang='lat' dir='ltr'><strong>in</strong></span> <span class='ocrx_word' id='word_1_154' title='bbox 1580 2754 1816 2834; x_wconf 76' lang='lat' dir='ltr'>hodiernam</span> <span class='ocrx_word' id='word_1_155' title='bbox 1834 2757 1955 2836; x_wconf 82' lang='lat' dir='ltr'><strong>diem.</strong></span> 
     </span>
    </p>

    <p class='ocr_par' dir='ltr' id='par_1_6' title="bbox 664 2862 2276 2964">
     <span class='ocr_line' id='line_1_20' title="bbox 664 2862 2276 2964; baseline 0.009 -22"><span class='ocrx_word' id='word_1_156' title='bbox 664 2868 917 2947; x_wconf 75' lang='lat' dir='ltr'><strong>tlummuuio.</strong></span> <span class='ocrx_word' id='word_1_157' title='bbox 942 2873 974 2945; x_wconf 92' lang='lat' dir='ltr'><strong>l.</strong></span> <span class='ocrx_word' id='word_1_158' title='bbox 999 2871 1089 2948; x_wconf 85' lang='lat' dir='ltr'><strong>Cor.</strong></span> <span class='ocrx_word' id='word_1_159' title='bbox 1119 2871 1155 2945; x_wconf 70' lang='lat'><strong>⁶2.</strong></span> <span class='ocrx_word' id='word_1_160' title='bbox 1190 2869 1279 2949; x_wconf 87' lang='lat' dir='ltr'><strong>Nos</strong></span> <span class='ocrx_word' id='word_1_161' title='bbox 1305 2877 1439 2950; x_wconf 85' lang='lat' dir='ltr'><strong>autem</strong></span> <span class='ocrx_word' id='word_1_162' title='bbox 1583 2862 1786 2942; x_wconf 69' lang='lat' dir='ltr'><strong>lsslPOilUS·</strong></span> <span class='ocrx_word' id='word_1_163' title='bbox 1813 2865 1879 2946; x_wconf 65' lang='lat' dir='ltr'><strong>Pl·</strong></span> <span class='ocrx_word' id='word_1_164' title='bbox 1899 2870 1984 2964; x_wconf 76' lang='grc' dir='ltr'><strong>ΗἹ,</strong></span> <span class='ocrx_word' id='word_1_165' title='bbox 2003 2891 2041 2947; x_wconf 77' lang='lat' dir='ltr'><strong>v·</strong></span> <span class='ocrx_word' id='word_1_166' title='bbox 2064 2871 2143 2957; x_wconf 56' lang='lat'><strong>¹6„</strong></span> <span class='ocrx_word' id='word_1_167' title='bbox 2160 2867 2205 2946; x_wconf 87' lang='lat' dir='ltr'><strong>V·</strong></span> <span class='ocrx_word' id='word_1_168' title='bbox 2221 2869 2276 2946; x_wconf 74' lang='lat'><strong>23·</strong></span> 
     </span>
    </p>
   </div>
   <div class='ocr_carea' id='block_1_3' title="bbox 526 2974 2384 6202">
    <p class='ocr_par' dir='ltr' id='par_1_7' title="bbox 613 2974 2323 3087">
     <span class='ocr_line' id='line_1_21' title="bbox 613 2974 2323 3081; baseline -0.004 -25"><span class='ocrx_word' id='word_1_169' title='bbox 613 3002 693 3058; x_wconf 87' lang='lat' dir='ltr'><strong>non</strong></span> <span class='ocrx_word' id='word_1_170' title='bbox 708 2977 891 3080; x_wconf 84' lang='lat' dir='ltr'><strong>spiritum</strong></span> <span class='ocrx_word' id='word_1_171' title='bbox 905 2976 1024 3076; x_wconf 88' lang='lat' dir='ltr'><strong>hujus</strong></span> <span class='ocrx_word' id='word_1_172' title='bbox 1038 2976 1177 3055; x_wconf 90' lang='lat' dir='ltr'><strong>mundi</strong></span> <span class='ocrx_word' id='word_1_173' title='bbox 1192 2977 1435 3079; x_wconf 54' lang='lat' dir='ltr'><strong>accepimus</strong></span> <span class='ocrx_word' id='word_1_174' title='bbox 1522 2995 1833 3081; x_wconf 43' lang='lat' dir='ltr'><strong>,a</strong></span> <span class='ocrx_word' id='word_1_175' title='bbox 1857 2974 2020 3055; x_wconf 84' lang='lat' dir='ltr'><strong>deini</strong></span> <span class='ocrx_word' id='word_1_176' title='bbox 2045 2977 2227 3056; x_wconf 79' lang='lat' dir='ltr'><strong>exultdrit</strong></span> <span class='ocrx_word' id='word_1_177' title='bbox 2250 2997 2323 3054; x_wconf 86' lang='lat' dir='ltr'><strong>me:</strong></span> 
     </span>
    </p>

    <p class='ocr_par' dir='ltr' id='par_1_8' title="bbox 614 3056 2384 3339">
     <span class='ocr_line' id='line_1_22' title="bbox 615 3056 2322 3186; baseline -0.001 -23"><span class='ocrx_word' id='word_1_178' title='bbox 615 3084 686 3163; x_wconf 87' lang='lat' dir='ltr'><strong>sed</strong></span> <span class='ocrx_word' id='word_1_179' title='bbox 703 3082 896 3186; x_wconf 85' lang='lat' dir='ltr'><strong>Spiritum</strong></span> <span class='ocrx_word' id='word_1_180' title='bbox 913 3083 982 3182; x_wconf 89' lang='lat' dir='ltr'><strong>qui</strong></span> <span class='ocrx_word' id='word_1_181' title='bbox 1000 3105 1048 3160; x_wconf 85' lang='lat' dir='ltr'><strong>err</strong></span> <span class='ocrx_word' id='word_1_182' title='bbox 1065 3083 1150 3160; x_wconf 89' lang='lat' dir='ltr'><strong>Deo</strong></span> <span class='ocrx_word' id='word_1_183' title='bbox 1168 3091 1241 3179; x_wconf 89' lang='lat' dir='ltr'><strong>est,</strong></span> <span class='ocrx_word' id='word_1_184' title='bbox 1268 3093 1311 3161; x_wconf 89' lang='lat' dir='ltr'><strong>ut</strong></span> <span class='ocrx_word' id='word_1_185' title='bbox 1339 3085 1438 3162; x_wconf 81' lang='lat' dir='ltr'><strong>scib—</strong></span> <span class='ocrx_word' id='word_1_186' title='bbox 1522 3070 1556 3175; x_wconf 68' lang='lat' dir='ltr'><strong>‚ll</strong></span> <span class='ocrx_word' id='word_1_187' title='bbox 1658 3056 1694 3173; x_wconf 63' lang='lat' dir='ltr'><strong>”p</strong></span> <span class='ocrx_word' id='word_1_188' title='bbox 1718 3079 1880 3160; x_wconf 79' lang='lat' dir='ltr'><strong>dextere</strong></span> <span class='ocrx_word' id='word_1_189' title='bbox 1904 3082 2067 3166; x_wconf 85' lang='lat' dir='ltr'><strong>deini</strong></span> <span class='ocrx_word' id='word_1_190' title='bbox 2098 3084 2194 3164; x_wconf 81' lang='lat' dir='ltr'><strong>iecit</strong></span> <span class='ocrx_word' id='word_1_191' title='bbox 2220 3083 2322 3164; x_wconf 84' lang='lat' dir='ltr'><strong>virti-</strong></span> 
     </span>
     <span class='ocr_line' id='line_1_23' title="bbox 614 3162 2384 3339; baseline -0.001 -72"><span class='ocrx_word' id='word_1_192' title='bbox 614 3214 704 3269; x_wconf 90' lang='lat' dir='ltr'><strong>mus</strong></span> <span class='ocrx_word' id='word_1_193' title='bbox 732 3213 821 3292; x_wconf 86' lang='lat' dir='ltr'><strong>quae</strong></span> <span class='ocrx_word' id='word_1_194' title='bbox 846 3212 870 3268; x_wconf 85' lang='lat' dir='ltr'>a</span> <span class='ocrx_word' id='word_1_195' title='bbox 896 3193 978 3268; x_wconf 89' lang='lat' dir='ltr'><strong>Dec</strong></span> <span class='ocrx_word' id='word_1_196' title='bbox 1006 3189 1154 3270; x_wconf 79' lang='lat' dir='ltr'><strong>donbta</strong></span> <span class='ocrx_word' id='word_1_197' title='bbox 1181 3199 1275 3269; x_wconf 89' lang='lat' dir='ltr'><strong>sunt</strong></span> <span class='ocrx_word' id='word_1_198' title='bbox 1304 3191 1435 3272; x_wconf 85' lang='lat' dir='ltr'><strong>nobis.</strong></span> <span class='ocrx_word' id='word_1_199' title='bbox 1522 3176 1555 3291; x_wconf 61' lang='lat' dir='ltr'><strong>id</strong></span> <span class='ocrx_word' id='word_1_200' title='bbox 1646 3162 1810 3339; x_wconf 46' lang='lat' dir='ltr'><strong>pltem.</strong></span> <span class='ocrx_word' id='word_1_201' title='bbox 1838 3191 1872 3266; x_wconf 84' lang='grc' dir='ltr'><strong>Α</strong></span> <span class='ocrx_word' id='word_1_202' title='bbox 1901 3189 2076 3270; x_wconf 84' lang='lat' dir='ltr'><strong>deino</strong></span> <span class='ocrx_word' id='word_1_203' title='bbox 2104 3191 2323 3270; x_wconf 80' lang='lat' dir='ltr'><strong>factumest</strong></span> <span class='ocrx_word' id='word_1_204' title='bbox 2383 3233 2384 3298; x_wconf 60' lang='lat' dir='ltr'><strong>p</strong></span> 
     </span>
    </p>

    <p class='ocr_par' dir='ltr' id='par_1_9' title="bbox 616 3292 2322 3394">
     <span class='ocr_line' id='line_1_24' title="bbox 616 3292 2322 3394; baseline -0.001 -18"><span class='ocrx_word' id='word_1_205' title='bbox 616 3297 800 3383; x_wconf 82' lang='lat' dir='ltr'><strong>Alleldiu.</strong></span> <span class='ocrx_word' id='word_1_206' title='bbox 1523 3292 1677 3355; x_wconf 6' lang='lat' dir='ltr'><strong>,term-:2</strong></span> <span class='ocrx_word' id='word_1_207' title='bbox 1716 3295 1835 3394; x_wconf 90' lang='lat' dir='ltr'><strong>istud,</strong></span> <span class='ocrx_word' id='word_1_208' title='bbox 1850 3304 1957 3376; x_wconf 81' lang='lat' dir='ltr'><strong>etesi</strong></span> <span class='ocrx_word' id='word_1_209' title='bbox 1971 3297 2322 3378; x_wconf 83' lang='lat' dir='ltr'><strong>miribileindculis</strong></span> 
     </span>
    </p>

    <p class='ocr_par' dir='ltr' id='par_1_10' title="bbox 790 3401 2323 3496">
     <span class='ocr_line' id='line_1_25' title="bbox 790 3401 2323 3496; baseline 0.004 -20"><span class='ocrx_word' id='word_1_210' title='bbox 790 3469 797 3476; x_wconf 79' lang='grc'>,</span> <span class='ocrx_word' id='word_1_211' title='bbox 852 3403 1190 3488; x_wconf 81' lang='lat' dir='ltr'><strong>Postremmunio.</strong></span> <span class='ocrx_word' id='word_1_212' title='bbox 1503 3403 1679 3488; x_wconf 76' lang='lat' dir='ltr'><strong>uostris.</strong></span> <span class='ocrx_word' id='word_1_213' title='bbox 1719 3401 1819 3482; x_wconf 84' lang='lat' dir='ltr'><strong>Psal.</strong></span> <span class='ocrx_word' id='word_1_214' title='bbox 1869 3405 2121 3484; x_wconf 81' lang='lat' dir='ltr'><strong>Confitemini</strong></span> <span class='ocrx_word' id='word_1_215' title='bbox 2160 3405 2323 3496; x_wconf 76' lang='lat' dir='ltr'><strong>nemim,</strong></span> 
     </span>
    </p>

    <p class='ocr_par' dir='ltr' id='par_1_11' title="bbox 612 3511 2384 4046">
     <span class='ocr_line' id='line_1_26' title="bbox 612 3511 2321 3694; baseline 0.002 -106"><span class='ocrx_word' id='word_1_216' title='bbox 612 3523 744 3694; x_wconf 78' lang='lat' dir='ltr'><strong>Fur</strong></span> <span class='ocrx_word' id='word_1_217' title='bbox 785 3511 920 3610; x_wconf 87' lang='lat' dir='ltr'><strong>nobis,</strong></span> <span class='ocrx_word' id='word_1_218' title='bbox 969 3533 1200 3615; x_wconf 84' lang='lat' dir='ltr'><strong>quoesumus</strong></span> <span class='ocrx_word' id='word_1_219' title='bbox 1243 3512 1436 3613; x_wconf 84' lang='lat' dir='ltr'><strong>deine,</strong></span> <span class='ocrx_word' id='word_1_220' title='bbox 1517 3511 2321 3615; x_wconf 77' lang='lat' dir='ltr'><strong>qudnismbonus:qudnisminsoeculum</strong></span> 
     </span>
     <span class='ocr_line' id='line_1_27' title="bbox 699 3618 2384 3737; baseline 0.002 -39"><span class='ocrx_word' id='word_1_221' title='bbox 699 3621 802 3698; x_wconf 80' lang='lat' dir='ltr'><strong>sacri</strong></span> <span class='ocrx_word' id='word_1_222' title='bbox 827 3619 1006 3720; x_wconf 76' lang='lat' dir='ltr'><strong>mysterii</strong></span> <span class='ocrx_word' id='word_1_223' title='bbox 1031 3620 1239 3722; x_wconf 80' lang='lat' dir='ltr'><strong>praeliblta</strong></span> <span class='ocrx_word' id='word_1_224' title='bbox 1267 3620 1438 3702; x_wconf 85' lang='lat' dir='ltr'><strong>dulcedo</strong></span> <span class='ocrx_word' id='word_1_225' title='bbox 1516 3618 1792 3710; x_wconf 66' lang='lat' dir='ltr'><strong>misericordia</strong></span> <span class='ocrx_word' id='word_1_226' title='bbox 1810 3624 1910 3737; x_wconf 82' lang='lat' dir='ltr'><strong>ejus.</strong></span> <span class='ocrx_word' id='word_1_227' title='bbox 1937 3628 1973 3701; x_wconf 79' lang='lat' dir='ltr'><strong>l.</strong></span> <span class='ocrx_word' id='word_1_228' title='bbox 1994 3622 2134 3706; x_wconf 85' lang='lat' dir='ltr'><strong>Gldrirr</strong></span> <span class='ocrx_word' id='word_1_229' title='bbox 2153 3622 2269 3709; x_wconf 82' lang='lat' dir='ltr'><strong>Patri.</strong></span> <span class='ocrx_word' id='word_1_230' title='bbox 2383 3714 2384 3735; x_wconf 21' lang='grc' dir='ltr'><strong><em>Ν</em></strong></span> 
     </span>
     <span class='ocr_line' id='line_1_28' title="bbox 615 3726 2384 3830; baseline 0.007 -28"><span class='ocrx_word' id='word_1_231' title='bbox 615 3726 838 3805; x_wconf 85' lang='lat' dir='ltr'><strong>subsidium</strong></span> <span class='ocrx_word' id='word_1_232' title='bbox 882 3728 1169 3829; x_wconf 83' lang='lat' dir='ltr'><strong>sempitdrnum</strong></span> <span class='ocrx_word' id='word_1_233' title='bbox 1203 3755 1212 3805; x_wconf 73' lang='grc' dir='ltr'><strong>ε</strong></span> <span class='ocrx_word' id='word_1_234' title='bbox 1252 3738 1293 3807; x_wconf 89' lang='lat' dir='ltr'><strong>et</strong></span> <span class='ocrx_word' id='word_1_235' title='bbox 1335 3751 1437 3830; x_wconf 90' lang='lat' dir='ltr'><strong>quos</strong></span> <span class='ocrx_word' id='word_1_236' title='bbox 1858 3732 2007 3812; x_wconf 84' lang='lat' dir='ltr'><strong>Orutio.</strong></span> <span class='ocrx_word' id='word_1_237' title='bbox 2383 3736 2384 3741; x_wconf 64' lang='lat'>‘</span> 
     </span>
     <span class='ocr_line' id='line_1_29' title="bbox 615 3830 2384 3936; baseline 0.001 -27"><span class='ocrx_word' id='word_1_238' title='bbox 615 3830 722 3912; x_wconf 79' lang='lat' dir='ltr'><strong>beriti</strong></span> <span class='ocrx_word' id='word_1_239' title='bbox 749 3834 855 3920; x_wconf 88' lang='lat' dir='ltr'><strong>Petri</strong></span> <span class='ocrx_word' id='word_1_240' title='bbox 883 3834 1084 3918; x_wconf 85' lang='lat' dir='ltr'><strong>Coelestlni</strong></span> <span class='ocrx_word' id='word_1_241' title='bbox 1111 3834 1347 3913; x_wconf 80' lang='lat' dir='ltr'><strong>membriam</strong></span> <span class='ocrx_word' id='word_1_242' title='bbox 1369 3836 1437 3915; x_wconf 88' lang='lat' dir='ltr'><strong>de·</strong></span> <span class='ocrx_word' id='word_1_243' title='bbox 1594 3854 1670 3927; x_wconf 80' lang='lat' dir='ltr'><strong>eus,</strong></span> <span class='ocrx_word' id='word_1_244' title='bbox 1703 3834 1771 3936; x_wconf 91' lang='lat' dir='ltr'><strong>qui</strong></span> <span class='ocrx_word' id='word_1_245' title='bbox 1800 3833 1962 3916; x_wconf 81' lang='lat' dir='ltr'><strong>Bellum</strong></span> <span class='ocrx_word' id='word_1_246' title='bbox 1982 3833 2145 3923; x_wconf 82' lang='lat' dir='ltr'><strong>Petrum</strong></span> <span class='ocrx_word' id='word_1_247' title='bbox 2164 3834 2322 3921; x_wconf 83' lang='lat' dir='ltr'><strong>Coelestl·</strong></span> <span class='ocrx_word' id='word_1_248' title='bbox 2383 3872 2384 3911; x_wconf 70' lang='lat' dir='ltr'><strong>r</strong></span> 
     </span>
     <span class='ocr_line' id='line_1_30' title="bbox 613 3856 2384 4046; baseline 0.001 -29"><span class='ocrx_word' id='word_1_249' title='bbox 613 3942 703 4019; x_wconf 85' lang='lat' dir='ltr'><strong>rdte</strong></span> <span class='ocrx_word' id='word_1_250' title='bbox 733 3939 864 4020; x_wconf 87' lang='lat' dir='ltr'><strong>cdlere</strong></span> <span class='ocrx_word' id='word_1_251' title='bbox 888 3941 1076 4038; x_wconf 87' lang='lat' dir='ltr'><strong>tribuisti,</strong></span> <span class='ocrx_word' id='word_1_252' title='bbox 1096 3942 1148 4019; x_wconf 84' lang='lat' dir='ltr'><strong>ud</strong></span> <span class='ocrx_word' id='word_1_253' title='bbox 1173 3945 1260 4041; x_wconf 87' lang='lat' dir='ltr'><strong>ejus</strong></span> <span class='ocrx_word' id='word_1_254' title='bbox 1276 3966 1437 4046; x_wconf 84' lang='lat' dir='ltr'><strong>quoque</strong></span> <span class='ocrx_word' id='word_1_255' title='bbox 1522 3856 1721 4038; x_wconf 80' lang='lat' dir='ltr'><strong>Duum,</strong></span> <span class='ocrx_word' id='word_1_256' title='bbox 1744 3940 1959 4021; x_wconf 84' lang='lat' dir='ltr'><strong>adsummi</strong></span> <span class='ocrx_word' id='word_1_257' title='bbox 1987 3942 2320 4043; x_wconf 81' lang='lat' dir='ltr'><strong>Ponuficltuslpi·</strong></span> <span class='ocrx_word' id='word_1_258' title='bbox 2383 3954 2384 3987; x_wconf 67' lang='lat'>¹</span> 
     </span>
    </p>

    <p class='ocr_par' dir='ltr' id='par_1_12' title="bbox 613 4047 2320 4153">
     <span class='ocr_line' id='line_1_31' title="bbox 613 4047 2320 4153; baseline 0.002 -28"><span class='ocrx_word' id='word_1_259' title='bbox 613 4056 653 4125; x_wconf 89' lang='lat' dir='ltr'><strong>et</strong></span> <span class='ocrx_word' id='word_1_260' title='bbox 678 4047 896 4127; x_wconf 76' lang='lat' dir='ltr'><strong>sanctititis</strong></span> <span class='ocrx_word' id='word_1_261' title='bbox 922 4048 1183 4128; x_wconf 79' lang='lat' dir='ltr'><strong>imitatidnem</strong></span> <span class='ocrx_word' id='word_1_262' title='bbox 1211 4060 1251 4128; x_wconf 93' lang='lat' dir='ltr'><strong>et</strong></span> <span class='ocrx_word' id='word_1_263' title='bbox 1267 4049 1437 4129; x_wconf 82' lang='lat' dir='ltr'><strong>beatitr&#39;r-</strong></span> <span class='ocrx_word' id='word_1_264' title='bbox 1519 4048 2320 4153; x_wconf 77' lang='lat' dir='ltr'><strong>cemsublimdsti,quiqueillumbumilitlti</strong></span> 
     </span>
    </p>

    <p class='ocr_par' dir='ltr' id='par_1_13' title="bbox 612 4154 2322 4261">
     <span class='ocr_line' id='line_1_32' title="bbox 612 4154 2322 4261; baseline 0.005 -33"><span class='ocrx_word' id='word_1_265' title='bbox 612 4154 718 4232; x_wconf 72' lang='lat' dir='ltr'><strong>llinis</strong></span> <span class='ocrx_word' id='word_1_266' title='bbox 749 4157 977 4236; x_wconf 81' lang='lat' dir='ltr'><strong>socieldtem</strong></span> <span class='ocrx_word' id='word_1_267' title='bbox 1013 4157 1219 4258; x_wconf 84' lang='lat' dir='ltr'><strong>pervenire</strong></span> <span class='ocrx_word' id='word_1_268' title='bbox 1244 4156 1433 4238; x_wconf 79' lang='lat' dir='ltr'><strong>concede.</strong></span> <span class='ocrx_word' id='word_1_269' title='bbox 1519 4154 1761 4259; x_wconf 85' lang='lat' dir='ltr'><strong>postpdnere</strong></span> <span class='ocrx_word' id='word_1_270' title='bbox 1789 4158 1986 4239; x_wconf 89' lang='lat' dir='ltr'><strong>docuisti:</strong></span> <span class='ocrx_word' id='word_1_271' title='bbox 2015 4160 2190 4243; x_wconf 73' lang='lat' dir='ltr'><strong>concede</strong></span> <span class='ocrx_word' id='word_1_272' title='bbox 2206 4156 2322 4261; x_wconf 88' lang='lat' dir='ltr'><strong>propl-</strong></span> 
     </span>
    </p>

    <p class='ocr_par' dir='ltr' id='par_1_14' title="bbox 580 4261 2321 4369">
     <span class='ocr_line' id='line_1_33' title="bbox 580 4261 2321 4369; baseline 0.001 -31"><span class='ocrx_word' id='word_1_273' title='bbox 580 4274 584 4278; x_wconf 78' lang='grc'><em>’</em></span> <span class='ocrx_word' id='word_1_274' title='bbox 614 4262 691 4339; x_wconf 86' lang='lat' dir='ltr'><strong>Per</strong></span> <span class='ocrx_word' id='word_1_275' title='bbox 708 4262 940 4341; x_wconf 86' lang='lat' dir='ltr'><strong>deinum.</strong></span> <span class='ocrx_word' id='word_1_276' title='bbox 1519 4261 1612 4359; x_wconf 91' lang='lat' dir='ltr'><strong>tius,</strong></span> <span class='ocrx_word' id='word_1_277' title='bbox 1641 4272 1686 4343; x_wconf 91' lang='lat' dir='ltr'><strong>ut</strong></span> <span class='ocrx_word' id='word_1_278' title='bbox 1712 4268 1798 4367; x_wconf 87' lang='lat' dir='ltr'><strong>ejus</strong></span> <span class='ocrx_word' id='word_1_279' title='bbox 1829 4267 2011 4369; x_wconf 76' lang='lat' dir='ltr'><strong>extmplo</strong></span> <span class='ocrx_word' id='word_1_280' title='bbox 2038 4278 2181 4349; x_wconf 82' lang='lat' dir='ltr'><strong>cuneta</strong></span> <span class='ocrx_word' id='word_1_281' title='bbox 2207 4264 2321 4345; x_wconf 88' lang='lat' dir='ltr'><strong>mundi</strong></span> 
     </span>
    </p>

    <p class='ocr_par' dir='ltr' id='par_1_15' title="bbox 1368 4369 2323 4479">
     <span class='ocr_line' id='line_1_34' title="bbox 1368 4369 2323 4479; baseline 0.005 -36"><span class='ocrx_word' id='word_1_282' title='bbox 1368 4433 1373 4443; x_wconf 84' lang='grc'><strong><em>,</em></strong></span> <span class='ocrx_word' id='word_1_283' title='bbox 1519 4369 1739 4473; x_wconf 82' lang='lat' dir='ltr'><strong>despicere,</strong></span> <span class='ocrx_word' id='word_1_284' title='bbox 1759 4382 1798 4451; x_wconf 91' lang='lat' dir='ltr'><strong>et</strong></span> <span class='ocrx_word' id='word_1_285' title='bbox 1816 4374 1869 4454; x_wconf 82' lang='lat' dir='ltr'><strong>ud</strong></span> <span class='ocrx_word' id='word_1_286' title='bbox 1894 4376 2094 4479; x_wconf 85' lang='lat' dir='ltr'><strong>promissa</strong></span> <span class='ocrx_word' id='word_1_287' title='bbox 2130 4372 2323 4455; x_wconf 85' lang='lat' dir='ltr'><strong>humilibus</strong></span> 
     </span>
    </p>

    <p class='ocr_par' dir='ltr' id='par_1_16' title="bbox 901 4480 2319 4582">
     <span class='ocr_line' id='line_1_35' title="bbox 901 4480 2319 4582; baseline 0.006 -38"><span class='ocrx_word' id='word_1_288' title='bbox 901 4492 960 4547; x_wconf 85' lang='lat' dir='ltr'><strong>mr</strong></span> <span class='ocrx_word' id='word_1_289' title='bbox 974 4494 1026 4549; x_wconf 78' lang='lat' dir='ltr'><strong>rr.</strong></span> <span class='ocrx_word' id='word_1_290' title='bbox 1041 4495 1148 4551; x_wconf 73' lang='lat' dir='ltr'><strong>curru.</strong></span> <span class='ocrx_word' id='word_1_291' title='bbox 1521 4480 1690 4580; x_wconf 82' lang='lat' dir='ltr'><strong>praemia</strong></span> <span class='ocrx_word' id='word_1_292' title='bbox 1709 4482 1915 4582; x_wconf 80' lang='lat' dir='ltr'><strong>pervenire</strong></span> <span class='ocrx_word' id='word_1_293' title='bbox 1927 4480 2319 4564; x_wconf 80' lang='lat' dir='ltr'><strong>lellcltermerebmur.</strong></span> 
     </span>
    </p>

    <p class='ocr_par' dir='ltr' id='par_1_17' title="bbox 526 4582 2277 4801">
     <span class='ocr_line' id='line_1_36' title="bbox 662 4582 2047 4689; baseline 0.006 -29"><span class='ocrx_word' id='word_1_294' title='bbox 662 4584 709 4661; x_wconf 88' lang='lat' dir='ltr'><strong>ln</strong></span> <span class='ocrx_word' id='word_1_295' title='bbox 736 4582 857 4662; x_wconf 82' lang='lat' dir='ltr'><strong>lllisss</strong></span> <span class='ocrx_word' id='word_1_296' title='bbox 881 4586 922 4665; x_wconf 88' lang='lat' dir='ltr'><strong>S.</strong></span> <span class='ocrx_word' id='word_1_297' title='bbox 956 4587 1148 4666; x_wconf 80' lang='lat' dir='ltr'><strong>Barnubm</strong></span> <span class='ocrx_word' id='word_1_298' title='bbox 1182 4590 1362 4689; x_wconf 84' lang='lat' dir='ltr'><strong>llpestcli</strong></span> <span class='ocrx_word' id='word_1_299' title='bbox 1391 4596 1435 4675; x_wconf 91' lang='lat' dir='ltr'><strong>lit</strong></span> <span class='ocrx_word' id='word_1_300' title='bbox 1523 4586 1599 4666; x_wconf 88' lang='lat' dir='ltr'><strong>Per</strong></span> <span class='ocrx_word' id='word_1_301' title='bbox 1616 4588 1833 4667; x_wconf 84' lang='lat' dir='ltr'><strong>deinum</strong></span> <span class='ocrx_word' id='word_1_302' title='bbox 1852 4601 2047 4669; x_wconf 90' lang='lat' dir='ltr'><strong>nostrum.</strong></span> 
     </span>
     <span class='ocr_line' id='line_1_37' title="bbox 526 4692 2277 4801; baseline 0.009 -35"><span class='ocrx_word' id='word_1_303' title='bbox 526 4772 529 4777; x_wconf 64' lang='grc'><strong>,</strong></span> <span class='ocrx_word' id='word_1_304' title='bbox 612 4713 757 4769; x_wconf 75' lang='lat' dir='ltr'><strong>comni.</strong></span> <span class='ocrx_word' id='word_1_305' title='bbox 791 4692 1064 4794; x_wconf 79' lang='lat' dir='ltr'><strong>Apparitionis</strong></span> <span class='ocrx_word' id='word_1_306' title='bbox 1090 4696 1132 4776; x_wconf 86' lang='lat' dir='ltr'><strong>S.</strong></span> <span class='ocrx_word' id='word_1_307' title='bbox 1161 4696 1263 4777; x_wconf 83' lang='lat' dir='ltr'><strong>Petri</strong></span> <span class='ocrx_word' id='word_1_308' title='bbox 1311 4700 1433 4781; x_wconf 83' lang='lat' dir='ltr'><strong>lee-</strong></span> <span class='ocrx_word' id='word_1_309' title='bbox 1574 4695 1704 4777; x_wconf 81' lang='lat' dir='ltr'><strong>tectio</strong></span> <span class='ocrx_word' id='word_1_310' title='bbox 1718 4695 1824 4775; x_wconf 89' lang='lat' dir='ltr'><strong>Libri</strong></span> <span class='ocrx_word' id='word_1_311' title='bbox 1840 4696 2066 4801; x_wconf 76' lang='lat' dir='ltr'><strong>sapientire.</strong></span> <span class='ocrx_word' id='word_1_312' title='bbox 2090 4706 2206 4787; x_wconf 84' lang='lat' dir='ltr'><strong>Eccli.</strong></span> <span class='ocrx_word' id='word_1_313' title='bbox 2227 4712 2277 4785; x_wconf 83' lang='lat' dir='ltr'><strong>ll.</strong></span> 
     </span>
    </p>

    <p class='ocr_par' dir='ltr' id='par_1_18' title="bbox 614 4798 2321 4909">
     <span class='ocr_line' id='line_1_38' title="bbox 614 4798 2321 4909; baseline 0.002 -34"><span class='ocrx_word' id='word_1_314' title='bbox 614 4798 707 4876; x_wconf 84' lang='lat' dir='ltr'><strong>stiui</strong></span> <span class='ocrx_word' id='word_1_315' title='bbox 733 4800 851 4903; x_wconf 69' lang='lat' dir='ltr'><strong>Paper</strong></span> <span class='ocrx_word' id='word_1_316' title='bbox 869 4810 908 4882; x_wconf 92' lang='lat' dir='ltr'><strong>ct</strong></span> <span class='ocrx_word' id='word_1_317' title='bbox 922 4803 1038 4883; x_wconf 85' lang='lat' dir='ltr'><strong>Gcnf.</strong></span> <span class='ocrx_word' id='word_1_318' title='bbox 1554 4826 1654 4885; x_wconf 47' lang='lat' dir='ltr'><strong>mccc</strong></span> <span class='ocrx_word' id='word_1_319' title='bbox 1672 4804 1865 4885; x_wconf 79' lang='lat' dir='ltr'><strong>Sacerdos</strong></span> <span class='ocrx_word' id='word_1_320' title='bbox 1879 4828 2058 4909; x_wconf 82' lang='lat' dir='ltr'><strong>magnus,</strong></span> <span class='ocrx_word' id='word_1_321' title='bbox 2072 4808 2141 4909; x_wconf 88' lang='lat' dir='ltr'><strong>qui</strong></span> <span class='ocrx_word' id='word_1_322' title='bbox 2154 4808 2193 4885; x_wconf 92' lang='lat' dir='ltr'><strong>in</strong></span> <span class='ocrx_word' id='word_1_323' title='bbox 2205 4803 2321 4885; x_wconf 78' lang='lat' dir='ltr'><strong>debus</strong></span> 
     </span>
    </p>

    <p class='ocr_par' dir='ltr' id='par_1_19' title="bbox 942 4830 2321 5013">
     <span class='ocr_line' id='line_1_39' title="bbox 942 4830 2321 5013; baseline -0.004 -24"><span class='ocrx_word' id='word_1_324' title='bbox 942 4910 1095 4992; x_wconf 86' lang='lat' dir='ltr'><strong>Oratio.</strong></span> <span class='ocrx_word' id='word_1_325' title='bbox 1521 4830 1585 5000; x_wconf 67' lang='lat' dir='ltr'>h</span> <span class='ocrx_word' id='word_1_326' title='bbox 1611 4912 1694 4990; x_wconf 91' lang='lat' dir='ltr'><strong>suis</strong></span> <span class='ocrx_word' id='word_1_327' title='bbox 1719 4910 1869 5013; x_wconf 80' lang='lat' dir='ltr'><strong>plicuit</strong></span> <span class='ocrx_word' id='word_1_328' title='bbox 1897 4912 1981 4993; x_wconf 88' lang='lat' dir='ltr'><strong>Deo</strong></span> <span class='ocrx_word' id='word_1_329' title='bbox 2008 4924 2047 4993; x_wconf 84' lang='lat' dir='ltr'><strong>et</strong></span> <span class='ocrx_word' id='word_1_330' title='bbox 2075 4914 2251 4995; x_wconf 79' lang='lat' dir='ltr'><strong>iuventus</strong></span> <span class='ocrx_word' id='word_1_331' title='bbox 2275 4916 2321 4987; x_wconf 85' lang='lat' dir='ltr'><strong>m</strong></span> 
     </span>
    </p>

    <p class='ocr_par' dir='ltr' id='par_1_20' title="bbox 611 5019 2321 5213">
     <span class='ocr_line' id='line_1_40' title="bbox 611 5019 2321 5213; baseline -0.004 -114"><span class='ocrx_word' id='word_1_332' title='bbox 611 5042 767 5213; x_wconf 79' lang='lat' dir='ltr'><strong>Deus,</strong></span> <span class='ocrx_word' id='word_1_333' title='bbox 781 5022 848 5123; x_wconf 83' lang='lat' dir='ltr'><strong>qui</strong></span> <span class='ocrx_word' id='word_1_334' title='bbox 861 5023 911 5100; x_wconf 83' lang='lat' dir='ltr'><strong>ud</strong></span> <span class='ocrx_word' id='word_1_335' title='bbox 924 5020 1322 5100; x_wconf 79' lang='lat' dir='ltr'><strong>declarbudamssedti</strong></span> <span class='ocrx_word' id='word_1_336' title='bbox 1335 5020 1444 5100; x_wconf 89' lang='lat' dir='ltr'><strong>Petri</strong></span> <span class='ocrx_word' id='word_1_337' title='bbox 1521 5019 1677 5123; x_wconf 89' lang='lat' dir='ltr'><strong>justus;</strong></span> <span class='ocrx_word' id='word_1_338' title='bbox 1706 5030 1744 5100; x_wconf 94' lang='lat' dir='ltr'><strong>et</strong></span> <span class='ocrx_word' id='word_1_339' title='bbox 1765 5020 1806 5097; x_wconf 92' lang='lat' dir='ltr'><strong>in</strong></span> <span class='ocrx_word' id='word_1_340' title='bbox 1825 5020 2004 5122; x_wconf 78' lang='lat' dir='ltr'><strong>tempore</strong></span> <span class='ocrx_word' id='word_1_341' title='bbox 2022 5022 2234 5102; x_wconf 78' lang='lat' dir='ltr'><strong>iracundie</strong></span> <span class='ocrx_word' id='word_1_342' title='bbox 2260 5020 2321 5095; x_wconf 84' lang='lat' dir='ltr'><strong>lec·</strong></span> 
     </span>
    </p>

    <p class='ocr_par' dir='ltr' id='par_1_21' title="bbox 708 5126 2320 5231">
     <span class='ocr_line' id='line_1_41' title="bbox 708 5126 2320 5231; baseline -0.002 -23"><span class='ocrx_word' id='word_1_343' title='bbox 708 5128 911 5208; x_wconf 85' lang='lat' dir='ltr'><strong>Coelestlni</strong></span> <span class='ocrx_word' id='word_1_344' title='bbox 922 5128 1088 5231; x_wconf 79' lang='lat' dir='ltr'><strong>gldrism</strong></span> <span class='ocrx_word' id='word_1_345' title='bbox 1104 5129 1218 5207; x_wconf 89' lang='lat' dir='ltr'><strong>illum</strong></span> <span class='ocrx_word' id='word_1_346' title='bbox 1233 5128 1442 5212; x_wconf 80' lang='lat' dir='ltr'><strong>Pontificio</strong></span> <span class='ocrx_word' id='word_1_347' title='bbox 1526 5140 1589 5206; x_wconf 89' lang='lat' dir='ltr'><strong>tus</strong></span> <span class='ocrx_word' id='word_1_348' title='bbox 1604 5140 1664 5209; x_wconf 86' lang='lat' dir='ltr'><strong>est</strong></span> <span class='ocrx_word' id='word_1_349' title='bbox 1676 5126 1957 5209; x_wconf 82' lang='lat' dir='ltr'><strong>reconcililrtio.</strong></span> <span class='ocrx_word' id='word_1_350' title='bbox 1984 5126 2320 5210; x_wconf 81' lang='lat' dir='ltr'><strong>Nonestimdntus</strong></span> 
     </span>
    </p>

    <p class='ocr_par' dir='ltr' id='par_1_22' title="bbox 619 5234 2316 5339">
     <span class='ocr_line' id='line_1_42' title="bbox 619 5234 2316 5339; baseline 0.002 -29"><span class='ocrx_word' id='word_1_351' title='bbox 619 5234 767 5315; x_wconf 82' lang='lat' dir='ltr'><strong>amictu</strong></span> <span class='ocrx_word' id='word_1_352' title='bbox 780 5244 821 5315; x_wconf 89' lang='lat' dir='ltr'><strong>et</strong></span> <span class='ocrx_word' id='word_1_353' title='bbox 834 5237 983 5315; x_wconf 84' lang='lat' dir='ltr'><strong>cordua</strong></span> <span class='ocrx_word' id='word_1_354' title='bbox 995 5235 1442 5339; x_wconf 76' lang='lat' dir='ltr'><strong>fulgentembquilbnae</strong></span> <span class='ocrx_word' id='word_1_355' title='bbox 1526 5234 1666 5315; x_wconf 90' lang='lat' dir='ltr'><strong>similis</strong></span> <span class='ocrx_word' id='word_1_356' title='bbox 1698 5234 1780 5325; x_wconf 91' lang='lat' dir='ltr'><strong>illi,</strong></span> <span class='ocrx_word' id='word_1_357' title='bbox 1826 5236 1895 5337; x_wconf 93' lang='lat' dir='ltr'><strong>qui</strong></span> <span class='ocrx_word' id='word_1_358' title='bbox 1927 5238 2177 5317; x_wconf 77' lang='lat' dir='ltr'><strong>conserviret</strong></span> <span class='ocrx_word' id='word_1_359' title='bbox 2216 5234 2316 5333; x_wconf 75' lang='lat' dir='ltr'><strong>leprn</strong></span> 
     </span>
    </p>

    <p class='ocr_par' dir='ltr' id='par_1_23' title="bbox 619 5341 2317 5445">
     <span class='ocr_line' id='line_1_43' title="bbox 619 5341 2317 5445; baseline -0.005 -24"><span class='ocrx_word' id='word_1_360' title='bbox 619 5341 775 5422; x_wconf 80' lang='lat' dir='ltr'><strong>civillti</strong></span> <span class='ocrx_word' id='word_1_361' title='bbox 804 5344 1040 5423; x_wconf 83' lang='lat' dir='ltr'><strong>mirabiliter</strong></span> <span class='ocrx_word' id='word_1_362' title='bbox 1063 5342 1258 5445; x_wconf 79' lang='lat' dir='ltr'><strong>apparere</strong></span> <span class='ocrx_word' id='word_1_363' title='bbox 1284 5343 1439 5423; x_wconf 86' lang='lat' dir='ltr'><strong>fecisti:</strong></span> <span class='ocrx_word' id='word_1_364' title='bbox 1526 5342 1693 5433; x_wconf 72' lang='lat' dir='ltr'><strong>Excdlsi.</strong></span> <span class='ocrx_word' id='word_1_365' title='bbox 1716 5342 1811 5425; x_wconf 86' lang='lat' dir='ltr'><strong>ldeo</strong></span> <span class='ocrx_word' id='word_1_366' title='bbox 1833 5345 2095 5445; x_wconf 84' lang='lat' dir='ltr'><strong>jurejurlurdo</strong></span> <span class='ocrx_word' id='word_1_367' title='bbox 2117 5346 2206 5426; x_wconf 87' lang='lat' dir='ltr'><strong>lecit</strong></span> <span class='ocrx_word' id='word_1_368' title='bbox 2228 5342 2317 5419; x_wconf 87' lang='lat' dir='ltr'><strong>illum</strong></span> 
     </span>
    </p>

    <p class='ocr_par' dir='ltr' id='par_1_24' title="bbox 618 5450 2316 5556">
     <span class='ocr_line' id='line_1_44' title="bbox 618 5450 2316 5556; baseline -0.002 -30"><span class='ocrx_word' id='word_1_369' title='bbox 618 5450 1443 5554; x_wconf 64' lang='lat' dir='ltr'><strong>concedepropitiusrutejdsdeminterced.</strong></span> <span class='ocrx_word' id='word_1_370' title='bbox 1525 5451 1721 5533; x_wconf 85' lang='lat' dir='ltr'><strong>deimrs</strong></span> <span class='ocrx_word' id='word_1_371' title='bbox 1749 5452 1926 5532; x_wconf 80' lang='lat' dir='ltr'><strong>erescere</strong></span> <span class='ocrx_word' id='word_1_372' title='bbox 1963 5452 2004 5530; x_wconf 88' lang='lat' dir='ltr'><strong>in</strong></span> <span class='ocrx_word' id='word_1_373' title='bbox 2032 5452 2191 5556; x_wconf 90' lang='lat' dir='ltr'><strong>plebem</strong></span> <span class='ocrx_word' id='word_1_374' title='bbox 2216 5466 2316 5531; x_wconf 82' lang='lat' dir='ltr'><strong>surm.</strong></span> 
     </span>
    </p>

    <p class='ocr_par' dir='ltr' id='par_1_25' title="bbox 620 5552 2319 5660">
     <span class='ocr_line' id='line_1_45' title="bbox 620 5552 2319 5660; baseline 0.004 -27"><span class='ocrx_word' id='word_1_375' title='bbox 620 5557 733 5637; x_wconf 88' lang='lat' dir='ltr'><strong>sidne</strong></span> <span class='ocrx_word' id='word_1_376' title='bbox 757 5558 919 5660; x_wconf 81' lang='lat' dir='ltr'><strong>gloridsi</strong></span> <span class='ocrx_word' id='word_1_377' title='bbox 938 5567 1031 5637; x_wconf 81' lang='lat' dir='ltr'><strong>ante</strong></span> <span class='ocrx_word' id='word_1_378' title='bbox 1048 5557 1305 5659; x_wconf 81' lang='lat' dir='ltr'><strong>conspectum</strong></span> <span class='ocrx_word' id='word_1_379' title='bbox 1322 5568 1434 5638; x_wconf 91' lang='lat' dir='ltr'><strong>tuum</strong></span> <span class='ocrx_word' id='word_1_380' title='bbox 1523 5557 1845 5639; x_wconf 87' lang='lat' dir='ltr'><strong>Benedictldnem</strong></span> <span class='ocrx_word' id='word_1_381' title='bbox 1871 5558 2052 5639; x_wconf 82' lang='lat' dir='ltr'><strong>bmnium</strong></span> <span class='ocrx_word' id='word_1_382' title='bbox 2078 5562 2254 5641; x_wconf 81' lang='lat' dir='ltr'><strong>Gentium</strong></span> <span class='ocrx_word' id='word_1_383' title='bbox 2267 5552 2319 5629; x_wconf 77' lang='lat' dir='ltr'><strong>de·</strong></span> 
     </span>
    </p>

    <p class='ocr_par' dir='ltr' id='par_1_26' title="bbox 620 5660 2317 5767">
     <span class='ocr_line' id='line_1_46' title="bbox 620 5660 2317 5767; baseline 0 -26"><span class='ocrx_word' id='word_1_384' title='bbox 620 5666 814 5767; x_wconf 78' lang='lat' dir='ltr'><strong>apparere</strong></span> <span class='ocrx_word' id='word_1_385' title='bbox 826 5666 1064 5747; x_wconf 80' lang='lat' dir='ltr'><strong>merebmur.</strong></span> <span class='ocrx_word' id='word_1_386' title='bbox 1080 5666 1155 5745; x_wconf 89' lang='lat' dir='ltr'><strong>Per</strong></span> <span class='ocrx_word' id='word_1_387' title='bbox 1167 5665 1399 5756; x_wconf 87' lang='lat' dir='ltr'><strong>deinum,</strong></span> <span class='ocrx_word' id='word_1_388' title='bbox 1522 5665 1581 5757; x_wconf 84' lang='lat' dir='ltr'><strong>dit</strong></span> <span class='ocrx_word' id='word_1_389' title='bbox 1595 5665 1667 5762; x_wconf 89' lang='lat' dir='ltr'><strong>illi,</strong></span> <span class='ocrx_word' id='word_1_390' title='bbox 1696 5674 1736 5746; x_wconf 91' lang='lat' dir='ltr'><strong>et</strong></span> <span class='ocrx_word' id='word_1_391' title='bbox 1753 5667 2034 5747; x_wconf 75' lang='lat' dir='ltr'><strong>testamentum</strong></span> <span class='ocrx_word' id='word_1_392' title='bbox 2062 5690 2179 5747; x_wconf 88' lang='lat' dir='ltr'><strong>suum</strong></span> <span class='ocrx_word' id='word_1_393' title='bbox 2203 5660 2317 5745; x_wconf 82' lang='lat' dir='ltr'><strong>confir·</strong></span> 
     </span>
    </p>

    <p class='ocr_par' dir='ltr' id='par_1_27' title="bbox 931 5773 2314 5877">
     <span class='ocr_line' id='line_1_47' title="bbox 931 5773 2314 5877; baseline -0.004 -26"><span class='ocrx_word' id='word_1_394' title='bbox 931 5774 1103 5853; x_wconf 80' lang='lat' dir='ltr'><strong>Secreta.</strong></span> <span class='ocrx_word' id='word_1_395' title='bbox 1479 5811 1482 5860; x_wconf 66' lang='lat' dir='ltr'><strong>r</strong></span> <span class='ocrx_word' id='word_1_396' title='bbox 1522 5773 1643 5861; x_wconf 80' lang='lat' dir='ltr'><strong>rubuit</strong></span> <span class='ocrx_word' id='word_1_397' title='bbox 1660 5797 1780 5877; x_wconf 91' lang='lat' dir='ltr'><strong>super</strong></span> <span class='ocrx_word' id='word_1_398' title='bbox 1797 5784 1918 5877; x_wconf 87' lang='lat' dir='ltr'><strong>cuput</strong></span> <span class='ocrx_word' id='word_1_399' title='bbox 1934 5778 2042 5877; x_wconf 85' lang='lat' dir='ltr'><strong>ejus:</strong></span> <span class='ocrx_word' id='word_1_400' title='bbox 2070 5775 2225 5877; x_wconf 77' lang='lat' dir='ltr'><strong>agnbvit</strong></span> <span class='ocrx_word' id='word_1_401' title='bbox 2245 5786 2314 5850; x_wconf 87' lang='lat' dir='ltr'><strong>euru</strong></span> 
     </span>
    </p>

    <p class='ocr_par' dir='ltr' id='par_1_28' title="bbox 688 5870 2311 6012">
     <span class='ocr_line' id='line_1_48' title="bbox 688 5870 2311 6012; baseline -0.006 -56"><span class='ocrx_word' id='word_1_402' title='bbox 688 5902 816 5958; x_wconf 83' lang='lat' dir='ltr'><strong>ccrrm</strong></span> <span class='ocrx_word' id='word_1_403' title='bbox 835 5878 945 5959; x_wconf 90' lang='lat' dir='ltr'><strong>sitin</strong></span> <span class='ocrx_word' id='word_1_404' title='bbox 966 5880 1181 5983; x_wconf 78' lang='lat' dir='ltr'><strong>conspeetu</strong></span> <span class='ocrx_word' id='word_1_405' title='bbox 1200 5890 1283 5977; x_wconf 89' lang='lat' dir='ltr'><strong>tuo,</strong></span> <span class='ocrx_word' id='word_1_406' title='bbox 1301 5880 1440 5960; x_wconf 82' lang='lat' dir='ltr'><strong>lldmi-¹</strong></span> <span class='ocrx_word' id='word_1_407' title='bbox 1477 5915 1481 6012; x_wconf 73' lang='lat' dir='ltr'><strong>l</strong></span> <span class='ocrx_word' id='word_1_408' title='bbox 1521 5882 1561 5961; x_wconf 85' lang='lat' dir='ltr'><strong>in</strong></span> <span class='ocrx_word' id='word_1_409' title='bbox 1573 5870 2311 5981; x_wconf 82' lang='lat' dir='ltr'><strong>benedictibnibussuis,conservirililli</strong></span> 
     </span>
    </p>

    <p class='ocr_par' dir='ltr' id='par_1_29' title="bbox 630 5982 2311 6120">
     <span class='ocr_line' id='line_1_49' title="bbox 630 5982 2311 6120; baseline 0.001 -53"><span class='ocrx_word' id='word_1_410' title='bbox 630 6061 634 6067; x_wconf 88' lang='grc'><em>,</em></span> <span class='ocrx_word' id='word_1_411' title='bbox 707 6009 772 6083; x_wconf 89' lang='lat' dir='ltr'><strong>ne,</strong></span> <span class='ocrx_word' id='word_1_412' title='bbox 792 5988 1123 6067; x_wconf 80' lang='lat' dir='ltr'><strong>nostraderdtio:</strong></span> <span class='ocrx_word' id='word_1_413' title='bbox 1156 5998 1195 6067; x_wconf 89' lang='lat' dir='ltr'><strong>et</strong></span> <span class='ocrx_word' id='word_1_414' title='bbox 1215 5992 1301 6091; x_wconf 88' lang='lat' dir='ltr'><strong>ejus</strong></span> <span class='ocrx_word' id='word_1_415' title='bbox 1319 5986 1437 6068; x_wconf 90' lang='lat' dir='ltr'><strong>nobis</strong></span> <span class='ocrx_word' id='word_1_416' title='bbox 1475 6031 1479 6120; x_wconf 37' lang='grc' dir='ltr'><strong><em>ἱ</em></strong></span> <span class='ocrx_word' id='word_1_417' title='bbox 1520 5988 1832 6079; x_wconf 74' lang='lat' dir='ltr'><strong>misericerdiam</strong></span> <span class='ocrx_word' id='word_1_418' title='bbox 1859 6013 1986 6087; x_wconf 83' lang='lat' dir='ltr'><strong>suem,</strong></span> <span class='ocrx_word' id='word_1_419' title='bbox 2015 6002 2054 6070; x_wconf 86' lang='lat' dir='ltr'><strong>et</strong></span> <span class='ocrx_word' id='word_1_420' title='bbox 2079 5990 2223 6071; x_wconf 83' lang='lat' dir='ltr'><strong>invdnit</strong></span> <span class='ocrx_word' id='word_1_421' title='bbox 2244 5982 2311 6089; x_wconf 76' lang='lat' dir='ltr'><strong>gd·</strong></span> 
     </span>
    </p>

    <p class='ocr_par' dir='ltr' id='par_1_30' title="bbox 614 6086 2310 6202">
     <span class='ocr_line' id='line_1_50' title="bbox 614 6086 2310 6202; baseline 0.001 -31"><span class='ocrx_word' id='word_1_422' title='bbox 614 6092 680 6174; x_wconf 79' lang='lat' dir='ltr'><strong>flat</strong></span> <span class='ocrx_word' id='word_1_423' title='bbox 707 6092 996 6197; x_wconf 82' lang='lat' dir='ltr'><strong>supplimtidne</strong></span> <span class='ocrx_word' id='word_1_424' title='bbox 1015 6095 1212 6185; x_wconf 63' lang='lat' dir='ltr'><strong>salubris,</strong></span> <span class='ocrx_word' id='word_1_425' title='bbox 1234 6117 1308 6198; x_wconf 87' lang='lat' dir='ltr'><strong>pro</strong></span> <span class='ocrx_word' id='word_1_426' title='bbox 1324 6098 1438 6197; x_wconf 88' lang='lat' dir='ltr'><strong>eujus</strong></span> <span class='ocrx_word' id='word_1_427' title='bbox 1475 6183 1478 6194; x_wconf 52' lang='grc'><strong>,</strong></span> <span class='ocrx_word' id='word_1_428' title='bbox 1519 6096 1614 6176; x_wconf 84' lang='lat' dir='ltr'><strong>tiam</strong></span> <span class='ocrx_word' id='word_1_429' title='bbox 1633 6120 1767 6179; x_wconf 84' lang='lat' dir='ltr'><strong>coram</strong></span> <span class='ocrx_word' id='word_1_430' title='bbox 1787 6098 1913 6179; x_wconf 83' lang='lat' dir='ltr'><strong>dculis</strong></span> <span class='ocrx_word' id='word_1_431' title='bbox 1928 6098 2100 6185; x_wconf 84' lang='lat' dir='ltr'><strong>lldmlni.</strong></span> <span class='ocrx_word' id='word_1_432' title='bbox 2118 6086 2310 6202; x_wconf 80' lang='lat' dir='ltr'><strong>lisgnitiei·</strong></span> 
     </span>
    </p>
   </div>
   <div class='ocr_carea' id='block_1_4' title="bbox 0 0 2673 7200">
    <p class='ocr_par' dir='ltr' id='par_1_31' title="bbox 0 0 2673 7200">
     <span class='ocr_line' id='line_1_51' title="bbox 0 0 2673 7200; baseline 0 0"><span class='ocrx_word' id='word_1_433' title='bbox 0 0 2673 7200; x_wconf 95' lang='lat' dir='ltr'><strong> </strong></span> 
     </span>
    </p>
   </div>
  </div>
 </body>
</html>
