5325 7200
555 810 602 889 lt
1260 802 1332 883 llie
1350 803 1582 904 xxiplunii.

893 954 1041 1035 Oratio.

633 1088 692 1159 ns,
728 1059 797 1163 qui
822 1056 979 1139 beilum
1004 1052 1207 1136 Juliinam
1240 1051 1373 1158 Virgi-

621 1194 713 1250 nem
741 1178 851 1248 tuam
868 1228 877 1262 ,
897 1163 1072 1244 extremo
1100 1165 1244 1244 morbo
1266 1162 1376 1241 labo·

553 1279 730 1373 rentem,
765 1272 943 1377 pretidso
971 1271 1063 1349 Filii
1095 1273 1153 1350 tui
1198 1270 1377 1373 Cdrpore

552 1384 789 1465 mirabiliter
807 1380 987 1461 reereire
1002 1378 1187 1479 dignitus
1202 1403 1244 1457 es
1259 1402 1267 1452 :
1284 1401 1379 1457 con·

552 1494 673 1590 cede,
710 1512 964 1595 quaesumus3
1001 1495 1062 1583 ut,
1094 1489 1179 1587 ejus
1212 1488 1381 1565 interce·

552 1599 739 1681 dentibus
758 1596 926 1695 meritis,
946 1616 1019 1673 nos
1050 1615 1212 1696 qrroqne
1238 1593 1380 1673 eedem

553 1708 593 1785 in
623 1706 765 1786 mortis
790 1705 917 1807 agene
943 1698 1081 1781 reficti
1108 1724 1155 1779 ac
1182 1700 1379 1795 roboreti,

553 1814 605 1895 ad
639 1812 844 1893 coelestem
881 1810 1054 1913 petriam
1098 1808 1379 1909 perducimur.

554 1922 629 2001 Per
646 1919 832 2001 erimdem
851 1916 1081 1997 Deminum.

817 2140 877 2197 orn
898 2142 989 2195 rrn.
1013 2143 1117 2197 rrnrr.

655 2234 978 2322 SANCTORUM
993 2233 1282 2315 lllAR'lelUll

765 2370 883 2426 aaran
901 2368 978 2425 nu.
997 2369 1173 2423 cnncrrrx.

748 2461 951 2541 introitus,
977 2450 1116 2529 Poaitlt.
1137 2452 1197 2529 56.

651 2587 734 2643 runs
760 2570 892 2641 autem
906 2558 1108 2661 justdrum
1139 2580 1162 2637 a
1185 2556 1386 2648 Demin0;

567 2574 706 2851 qet
729 2669 932 2773 protector
954 2666 1093 2746 eorum
1125 2672 1184 2744 est
1214 2664 1253 2741 in
1291 2664 1388 2742 tem-

665 2802 763 2883 pore
780 2774 1061 2857 tribulntldnis.
1083 2784 1143 2861 t‘s.
1161 2770 1244 2857 Noli
1265 2794 1384 2851 remu·

561 2888 635 2969 leri
655 2890 695 2967 in
729 2881 1055 2987 malignantibus,
1081 2902 1211 2982 neque
1238 2878 1388 2959 aeldre-

561 2998 617 3077 ris
652 2994 839 3075 facientes
870 2988 1133 3091 iniquititem.
1174 3000 1211 3076 n.
1252 2986 1388 3067 Gldrin

550 3100 669 3185 'Patri

899 3211 1052 3291 Oratio.

561 3333 708 3602 pens,
727 3304 796 3410 qui
831 3300 883 3381 ad
920 3298 1158 3379 imitendum
1188 3298 1387 3402 passienis

643 3425 722 3495 tuae
770 3408 1024 3511 exemplum,
1073 3407 1212 3486 decem
1260 3406 1388 3487 milliu
1469 3490 1475 3497 ,

605 3523 780 3626 ertyrum
813 3514 943 3600 crucis
984 3514 1211 3618 patibulum
1251 3514 1387 3595 subire

561 3633 723 3712 fecisti:
759 3625 935 3708 concede
961 3623 1163 3727 propitius
1184 3652 1195 3717 ;
1215 3632 1282 3722 ut,
1317 3625 1386 3728 qni

561 3735 788 3842 passienem
820 3733 958 3814 edrum
986 3731 1220 3812 veneremur
1238 3731 1278 3810 in
1312 3741 1387 3812 ler-

561 3849 618 3926 ris
634 3905 644 3941 ,
663 3841 863 3948 passienis
891 3849 969 3919 tuae
990 3839 1165 3919 remedia
1195 3837 1386 3942 censeqni

562 3950 837 4035 mereimurin
852 3946 1170 4046 omlisQuirivis
1183 3953 1223 4024 et
1234 3968 1385 4050 regnas.

603 4085 678 4164 l‘ro
697 4084 739 4164 S.
757 4075 935 4172 Paulino,
953 4076 1081 4179 Episc.
1098 4085 1136 4157 et
1155 4077 1332 4158 Confess.
1355 4125 1358 4130 -

895 4185 1048 4266 Oratio.

653 4350 662 4388 ‚
689 4309 943 4395 quesumus,
980 4284 1235 4388 omnipotens
1254 4284 1387 4384 Deus,

566 4315 681 4492 [int
711 4397 817 4478 beau
847 4393 1025 4494 Paulini,
1057 4393 1308 4476 confessuris
1327 4393 1386 4474 tui

563 4515 682 4612 utque
709 4504 927 4600 Pontificis,
944 4502 1172 4584 veneranda
1199 4503 1388 4583 solemni·

446 4689 449 4696 .
562 4627 622 4697 tas
648 4625 686 4696 et
720 4612 974 4693 devotidnem
1003 4610 1119 4690 nobis
1150 4610 1315 4712 lugeat,
1348 4619 1388 4689 et

563 4724 744 4806 saltitem.
765 4721 838 4800 Per
854 4717 1086 4824 Delminum.

569 4831 704 4918 Lectio
737 4825 925 4931 Epistola
942 4825 1049 4906 heiti
1070 4825 1181 4906 Pauli
1201 4823 1385 4929 dpdsloli

771 4935 823 5014 ad
842 4933 1045 5014 Hebraeos.
1069 4967 1105 5020 c.
1133 4947 1186 5022 tt.

646 5067 753 5124 urnes
773 5043 934 5124 :Sancti
960 5063 1032 5143 per
1059 5039 1178 5120 fidem
1208 5038 1389 5120 vicerunt

568 5071 779 5256 Flregna,
794 5148 945 5252 opereti
965 5155 1056 5227 sunt
1068 5147 1274 5250 justitiam,
1294 5147 1386 5226 nde·

563 5259 621 5360 pti
635 5267 730 5340 sunt
743 5255 1087 5359 repromissiones,
1100 5253 1387 5336 obturaverunt

563 5389 635 5446 ora
672 5365 859 5462 lednnm,
903 5362 1154 5442 extinxerunt
1192 5361 1386 5465 impetum

562 5473 683 5574 ignis,
701 5471 924 5575 effugerunt
952 5467 1077 5550 eciem
1113 5469 1261 5572 gledii,
1291 5492 1387 5549 con·

562 5581 772 5661 valuerunt
799 5580 849 5659 de
875 5577 1124 5676 infirmitdte,
1144 5577 1263 5657 fortes
1292 5577 1386 5657 facti

562 5688 722 5769 suntin
757 5687 889 5784 bello,
922 5695 1051 5765 castra
1085 5685 1289 5765 verterunt
1321 5707 1386 5763 ex·

561 5796 737 5876 terdrnm
755 5825 764 5872 :
784 5793 1023 5897 acceperunt
1053 5793 1241 5872 mulieres
1259 5791 1310 5871 de
1328 5815 1387 5872 re·

560 5903 806 5984 surrectiene
837 5903 1018 5984 mertuos
1052 5923 1147 5982 suos
1174 5928 1184 5981 r
1216 5900 1286 5980 elii
1317 5923 1386 5980 au·

1461 962 1551 1037 rent
1576 954 1930 1035 resurreetidnem.
1959 952 2038 1031 elii
2065 974 2159 1033 vero
2181 952 2294 1033 ludi·

1464 1063 1552 1142 bria
1578 1070 1618 1142 et
1629 1061 1798 1143 verbera
1833 1060 2012 1163 experti,
2037 1062 2206 1164 insuper
2243 1072 2289 1141 et

1462 1171 1622 1251 vincula
1650 1178 1690 1249 et
1718 1170 1899 1249 cerceres
1930 1195 1939 1243 :
1970 1168 2139 1272 lapideti
2169 1180 2295 1265 sunt,

1464 1280 1561 1359 secti
1580 1285 1697 1374 sunt,
1716 1278 1855 1357 tenteti
1887 1285 2002 1373 sunt,
2020 1276 2063 1354 in
2090 1276 2297 1359 occisiene

1464 1385 1586 1493 gledii
1620 1386 1771 1465 mertui
1806 1392 1900 1463 sunt
1929 1409 1939 1459 :
1971 1384 2219 1463 circuierunt
2251 1386 2295 1462 in

1465 1492 1647 1589 metetis,
1680 1492 1720 1569 in
1746 1490 1920 1594 pellibus
1948 1490 2142 1592 caprinis,
2176 1492 2295 1594 egen·

1463 1609 1542 1697 tes,
1573 1598 1810 1702 angustieti,
1839 1596 2013 1676 afflicti:
2048 1597 2197 1698 quilius
2232 1599 2297 1678 di·

1465 1719 1566 1810 gnus
1593 1728 1675 1785 non
1709 1713 1798 1784 ernt
1822 1701 1998 1783 mundus
2018 1732 2028 1781 ι
2046 1702 2089 1780 iu
2108 1705 2296 1785 solitudi-

1465 1815 1586 1893 nibus
1613 1814 1809 1911 errentes,
1835 1811 1876 1889 in
1908 1809 2133 1909 mentibus,
2150 1822 2190 1891 et
2206 1836 2298 1916 spe·

1465 1920 1620 2019 lincis,
1652 1928 1693 2001 et
1717 1922 1762 1999 in
1799 1918 1980 1998 cavernis
2007 1926 2135 1998 lerrae.
2172 1922 2222 1999 Et
2251 1922 2296 2000 ni

1467 2050 1607 2109 omnes
1633 2026 1867 2107 testimenio
1896 2025 1992 2104 fidei
2011 2024 2202 2127 probeti,
2234 2030 2298 2107 iu·

1469 2136 1574 2217 renti
1604 2143 1698 2216 sunt
1729 2136 1770 2213 in
1803 2133 1963 2216 Christo
1991 2132 2089 2211 Jesu
2116 2134 2296 2215 Deminn

1468 2256 1617 2325 nostro.

1503 2357 1714 2438 Gruduale.
1737 2356 1862 2437 Enod.
1886 2360 1945 2433 to.
1962 2347 2170 2435 Gloridsus
2186 2351 2297 2431 Dens

1469 2460 1510 2537 in
1529 2460 1686 2542 Sanctis
1714 2459 1798 2537 suis
1826 2486 1835 2537 :
1861 2454 2060 2536 mirabilis
2091 2458 2134 2537 in
2173 2463 2297 2561 maje-

1468 2569 1591 2665 stete,
1638 2566 1788 2645 ficiens
1818 2562 2014 2667 prodigia.
2049 2572 2086 2652 i.
2117 2564 2292 2647 Dextera

1469 2685 1553 2773 tna,
1586 2673 1779 2770 Demine,
1797 2670 2018 2776 glorificdta
2047 2680 2109 2751 est
2140 2673 2183 2751 iu
2219 2676 2297 2755 vir·

1469 2784 1552 2863 tite
1566 2782 1745 2860 :dextera
1762 2801 1904 2859 manns
1921 2787 1989 2857 tua
2005 2780 2204 2884 confregit
2219 2783 2300 2863 ini-

1470 2891 1608 2969 miros.

1521 2996 1704 3092 Alleldia,
1719 2994 1890 3075 alleldia.
1908 3004 1942 3083 i.
1970 2992 2109 3073 Sancti
2127 3000 2169 3074 et
2181 2997 2298 3097 justi,

1466 3106 1512 3183 iu
1532 3104 1708 3186 Demino
1726 3103 1894 3202 gaudete
1914 3133 1924 3183 :
1943 3125 2015 3185 ros
2041 3101 2165 3203 elegit
2185 3106 2295 3185 Dens

1470 3213 1510 3292 in
1538 3210 1798 3293 hereditetem
1826 3213 1918 3291 sibi.
1937 3210 2119 3291 Allelriia.

1465 3320 1623 3424 sequen
1630 3319 1686 3398 tia
1702 3320 1830 3403 sancti
1850 3318 2052 3422 Evangelii
2069 3316 2297 3399 secdndnm

1733 3426 1893 3505 Lucam.
1912 3461 1947 3515 ο,
1963 3436 2023 3511 tt.

1559 3534 1628 3615 illo
1652 3533 1833 3636 tempore
1853 3564 1862 3610 :
1884 3534 1994 3616 Dixit
2022 3534 2140 3616 lesus
2170 3534 2297 3616 disci·

1470 3560 1630 3746 lupulis
1658 3643 1741 3722 suis
1760 3669 1769 3721 :
1789 3644 1888 3725 Cum
1906 3642 2116 3723 audieritis
2151 3645 2296 3746 praelia

1469 3760 1508 3830 el
1534 3749 1775 3848 seditiones,
1793 3751 1918 3831 nolite
1948 3749 2087 3830 terreri
2109 3755 2300 3855 :opertet

1468 3858 1645 3959 primum
1673 3859 1760 3938 haec
1790 3857 1904 3956 fieri,
1921 3857 1995 3938 sed
2021 3858 2205 3938 noudum
2222 3869 2302 3938 sta-

1468 3967 1541 4044 tim
1573 3967 1675 4044 tinis.
1706 3966 1818 4046 Tunc
1840 3964 1998 4046 dicebat
2023 3965 2106 4045 illis
2123 3993 2134 4045 ε
2153 3967 2300 4070 Surget

1469 4097 1565 4177 gens
1585 4081 1724 4155 contra
1750 4085 1934 4177 gentem,
1959 4083 1998 4152 et
2027 4097 2197 4176 regnum
2227 4075 2300 4155 ad·

1468 4183 1607 4262 sersus
1626 4203 1791 4284 reguum
1807 4211 1816 4260 :
1834 4190 1875 4260 et
1893 4185 2144 4280 terremotus
2162 4185 2299 4287 magni

1471 4298 1587 4369 erunt
1604 4311 1676 4390 per
1692 4288 1805 4385 loca,
1835 4295 1875 4367 et
1901 4288 2166 4388 pestilentiae,
2183 4299 2225 4368 et
2240 4293 2299 4372 fn·

1472 4419 1572 4493 mes,
1590 4395 1842 4498 terroresque
1876 4394 1928 4475 de
1953 4395 2081 4494 coeln,
2107 4408 2152 4476 et
2182 4400 2298 4502 signa

1471 4527 1614 4608 magna
1639 4513 1768 4584 erunt.
1803 4502 1883 4584 Sed
1914 4515 2007 4583 ante
2039 4505 2128 4584 ltaec
2158 4508 2299 4586 emnia

1471 4612 1651 4714 injicient
1679 4610 1793 4703 robis
1825 4633 1968 4690 manus
1994 4633 2113 4708 suas,
2138 4623 2179 4691 et
2208 4637 2300 4716 per·
2443 4694 2444 4707 Ν

1470 4719 1710 4822 sequentur,
1740 4717 1941 4798 tradentes
1959 4719 1999 4795 in
2018 4719 2242 4823 synngegas
2258 4731 2301 4802 et

1471 4826 1699 4924 custodias,
1717 4826 1920 4906 trahentes
1941 4826 1994 4904 ad
2012 4849 2124 4930 reges
2141 4837 2183 4906 et
2200 4851 2300 4932 prm·

1469 4934 1578 5016 sides
1605 4943 1770 5037 propter
1793 4957 1937 5014 nomen
1961 4955 2094 5014 meum
2113 4961 2123 5010 ε
2140 4937 2299 5016 contin·

1469 5053 1534 5147 get
1559 5051 1692 5121 nutem
1715 5041 1830 5122 vobis
1851 5041 1891 5120 in
1910 5042 2199 5123 testimenium.
2223 5043 2296 5126 Pe

1471 5151 1554 5231 nite
1585 5172 1678 5252 ergo
1712 5149 1751 5228 in
1786 5149 1977 5230 cerdlbns
2010 5151 2170 5248 restris,
2207 5175 2289 5232 non
2441 5142 2442 5167 ³

1469 5257 1738 5361 praemediteri
1758 5256 2099 5360 qnemedmodum
2126 5281 2292 5362 respon·

1470 5365 1620 5446 delatis:
1646 5388 1718 5468 ego
1748 5365 1855 5446 enim
1883 5363 1989 5444 dabo
2019 5365 2136 5446 robis
2167 5391 2237 5462 os,
2254 5379 2296 5448 et

1466 5473 1723 5577 sapientiam,
1761 5472 1828 5552 cui
1862 5495 1943 5552 non
1976 5473 2167 5574 peterunt
2198 5477 2297 5555 resi·

1468 5589 1574 5660 stere
1602 5589 1642 5660 et
1675 5577 1952 5659 contradicere
1981 5601 2122 5660 omnes
2155 5581 2296 5662 adrer-
2439 5646 2440 5675 ,

1468 5687 1564 5766 sirii
1592 5687 1726 5766 uestri.
1754 5685 1991 5766 'frademiui
2022 5697 2202 5768 autema
2225 5712 2296 5792 pn-
2439 5680 2440 5699 ¹

1468 5794 1674 5891 rentibus,
1709 5805 1749 5873 et
1775 5793 1989 5889 fretribus,
2016 5803 2057 5873 et
2083 5798 2293 5900 cognitis,

1469 5909 1509 5983 et
1537 5900 1701 5999 amicis,
1729 5909 1769 5980 et
1797 5907 1926 5979 morte
1955 5898 2134 5982 afficient
2156 5926 2206 5984 ex
2228 5927 2297 5985 ro-

560 6019 640 6091 tem
671 6009 831 6089 distenti
868 6015 985 6106 sunt,
1014 6032 1094 6089 non
1122 6007 1383 6110 suscipientes
1462 6008 1561 6102 his3
1593 6005 1761 6088 eteritis
1787 6005 1883 6087 edin
1910 6005 2099 6090 emnibus
2129 6021 2296 6116 propter

560 6117 901 6220 redemptidnem,
925 6125 968 6198 ut
995 6115 1198 6198 melierem
1232 6115 1381 6196 inveni·

1469 6137 1615 6196 nomen
1642 6137 1775 6196 meum
1794 6145 1804 6196 z
1822 6125 1862 6198 et
1883 6115 2056 6222 capillus
2079 6119 2131 6200 de
2160 6119 2293 6223 cipite
2437 6222 2438 6239 ,
