5325 7200
836 1187 947 1252 DOM.
972 1190 1076 1257 ULT.
1103 1191 1215 1256 POST
1238 1193 1579 1259 PENTECOSTEN.

1075 1451 1133 1536 lN
1171 1453 1342 1539 FESTO

702 1707 1135 1839 SANCTI
1216 1713 1705 1844 BENIGNI

821 2027 945 2079 PRESB.
981 2029 1209 2082 BURGUNDIAE
1233 2030 1366 2082 orosi.
1393 2034 1441 2083 ET
1465 2033 1580 2084 MART.

545 2237 676 2304 ECCL.
708 2239 940 2308 CATHEDR.
974 2243 1031 2307 ET
1064 2244 1284 2310 DIOECESIS
1317 2245 1611 2316 DIVIONENSIS
1645 2243 1860 2318 PATRONI.

429 2806 433 2814 “
549 2795 758 2872 Introitus.
774 2798 926 2874 Psalm.
944 2800 1006 2898 95.
1238 2811 1381 2872 nostra.
1397 2799 1533 2898 Neque
1546 2797 1648 2874 enim
1665 2796 1874 2900 aliquando
1888 2798 2030 2876 sitimus

398 2954 436 2983 .·
550 2942 581 2994 φ
616 2956 657 2979 Δ,
710 2929 927 2980 nnunrrtrs
966 2906 1064 2980 inter
1097 2929 1182 3002 gen·
1235 2902 1273 2976 in
1296 2912 1474 2980 sermone
1501 2905 1745 2998 adulationis,
1771 2905 1869 2980 sicut
1891 2905 2029 2996 scitis3

300 3014 302 3025 '
434 3000 521 3089 ἦ
556 3001 654 3110 ςῖῗεὸ
709 3023 779 3101 tes,
818 3009 1003 3108 quoniam
1047 3034 1182 3085 omnes
1234 3032 1359 3107 neque
1395 3009 1434 3084 in
1470 3011 1675 3098 occasione
1705 3010 1888 3103 avaritiae,
1928 3013 2031 3086 Deus

299 3152 309 3191 ι,
389 3143 401 3173 i·
562 3114 573 3163 '=
654 3141 672 3192 a
710 3113 762 3188 dii
780 3114 947 3212 gentium
963 3115 1178 3192 daemonia:
1235 3114 1338 3189 testis
1352 3129 1409 3190 est
1418 3140 1514 3208 ;nec
1525 3124 1739 3216 quaerentes
1750 3117 2031 3193 abhominibus

416 3262 420 3276 ·
456 3244 472 3263 ³
516 3314 527 3319 ἢ
708 3219 899 3294 Dominus
935 3236 1064 3297 autern
1100 3247 1180 3298 coe·
1234 3219 1409 3315 gloriam,
1423 3222 1719 3320 nequeavobis,
1732 3224 1916 3321 nequeab
1932 3220 2027 3296 ollis.

299 3366 302 3431 4
407 3348 410 3359 ·
504 3316 555 3393 14’
642 3333 650 3384 ὲ
707 3325 767 3400 los
793 3324 893 3401 lecit.
922 3327 1097 3422 Alleloia,
1125 3329 1180 3404 al·
1235 3327 1335 3400 Cum
1365 3335 1567 3426 possemus
1595 3327 1707 3404 vobis
1732 3326 1841 3402 oneri
1867 3351 1964 3420 esse,
1988 3339 2030 3402 ut

306 3400 310 3575 ⁴
707 3430 835 3506 leloia.
882 3433 1033 3508 Psalm.
1083 3434 1177 3508 ibid.
1234 3431 1374 3506 Christi
1414 3432 1611 3531 Apostoli:
1654 3432 1721 3507 sed
1770 3431 1857 3508 leoli
1896 3455 2030 3508 surnus

300 3570 311 3654 i·
379 3533 539 3608 Cantote
573 3533 742 3611 Domino
771 3537 964 3613 canticum
994 3562 1177 3614 novum:
1231 3537 1381 3637 parvuli
1407 3537 1447 3613 in
1467 3539 1598 3615 modio
1622 3555 1808 3632 vestrum,
1831 3553 2029 3637 tamquam

308 3643 312 3776 l
378 3646 528 3713 cantate
543 3640 713 3716 Domino
733 3643 860 3718 omnis
875 3659 1007 3720 terrra.
1026 3648 1068 3742 l·
1085 3646 1178 3721 Glo·
1232 3641 1263 3715 si
1288 3644 1414 3719 nutrix
1435 3644 1565 3721 foveat
1586 3644 1688 3721 filios
1714 3669 1818 3719 suos.
1855 3647 1910 3719 lta
1936 3643 2031 3719 desi·

301 3731 312 3904 i*
379 3745 430 3819 ria
450 3744 571 3821 Patri.
1231 3749 1408 3825 derintes
1425 3748 1510 3845 vos,
1537 3751 1676 3850 copide
1703 3752 1934 3827 volebornus
1960 3757 2031 3825 tro·

303 3897 313 3952 t.
680 3856 833 3931 Oratio
1231 3856 1321 3931 dere
1352 3856 1464 3933 vobis
1499 3882 1580 3934 non
1615 3860 1742 3935 solum
1776 3855 2030 3955 Evangetium

310 3991 313 4010 ·
460 3985 550 4051 eus,
577 3958 643 4059 qui
665 3984 737 4036 nos
763 3959 863 4037 beoti
889 3962 1047 4061 Benigni
1070 3962 1175 4037 Mor·
1231 3962 1314 4056 Dei,
1340 3964 1407 4038 sed
1428 3962 1542 4039 etiam
1570 3965 1720 4041 onimas
1746 3978 1912 4056 nostras,
1939 3968 2032 4061 quo·

303 4083 313 4164 tl
380 3980 575 4165 Dtyris
597 4067 649 4141 tui
672 4066 959 4165 praedicatione,
981 4068 1029 4142 de
1046 4066 1178 4143 infide·
1230 4068 1335 4143 niam
1363 4069 1549 4145 carissimi
1576 4072 1689 4147 nobis
1712 4070 1800 4147 leoli
1821 4069 1922 4145 estis.
1951 4070 2033 4143 Mo·

379 4171 490 4247 literis
526 4172 694 4248 tenebris
717 4172 757 4247 in
784 4172 1012 4249 admirabile
1046 4176 1176 4251 Evan-
1230 4198 1358 4250 mores
1397 4174 1499 4250 enim
1536 4176 1641 4271 estis,
1683 4178 1832 4268 fratres,
1889 4172 2032 4249 laboris

380 4278 608 4375 geliilumen
625 4279 829 4353 transferre
843 4280 1019 4378 dignitus
1033 4305 1075 4355 es
1092 4306 1100 4355 :
1116 4281 1175 4355 lac
1229 4280 1363 4373 nostri,
1393 4286 1427 4357 ἃ
1455 4280 1684 4381 fatigationis
1712 4311 1720 4359 :
1750 4282 1861 4359 noete
1892 4304 1938 4355 ac
1971 4276 2032 4353 die

304 4415 314 4482 Η
379 4401 419 4459 ut
447 4386 532 4482 ejus
565 4384 838 4462 intercessione
875 4394 1094 4461 cresconius
1137 4386 1177 4461 in
1230 4395 1447 4487 operonteS,
1475 4413 1523 4463 ne
1551 4414 1669 4489 quern
1700 4404 1873 4464 vestrum
1896 4408 2032 4484 grava·

304 4505 307 4518 '
380 4490 498 4588 gratia
521 4494 556 4564 or
578 4490 794 4588 cognitione
816 4490 973 4567 Domini
994 4491 1114 4569 nostri
1143 4496 1178 4567 8ι
1231 4500 1374 4587 remus,
1398 4493 1696 4592 praedicovimus
1717 4494 1756 4569 in
1774 4496 1886 4572 vobis
1907 4494 2034 4567 Evan-

304 4527 315 4748 .i
381 4594 591 4671 Salvatoris
613 4598 706 4672 Jesu
727 4595 865 4673 Christi
888 4596 973 4673 Filii
995 4597 1071 4671 tui:
1099 4597 1176 4691 Qui
1231 4598 1371 4696 gelium
1393 4598 1476 4673 Dei.
1507 4601 1587 4676 Vos
1607 4616 1721 4677 testes
1747 4599 1836 4675 estis
1858 4604 1892 4673 δι
1912 4600 2032 4688 Deus,

380 4719 507 4778 tecum
520 4701 627 4778 vivit.
1231 4728 1349 4803 quarn
1369 4704 1512 4797 sande,
1533 4708 1691 4805 &juste
1709 4704 1840 4779 &sine
1861 4702 2031 4801 querela,

305 4815 309 4916 l
429 4808 646 4884 Commem.
677 4811 841 4885 Domin.
875 4804 1124 4884 occurrentis.
1231 4809 1344 4886 vobis
1371 4808 1436 4909 qui
1462 4809 1691 4903 credidistis,
1722 4808 1902 4885 inimus:
1938 4807 2037 4881 sicut

305 4895 317 5030 ‘l
406 4914 537 4991 Lectio
569 4916 751 5013 Epistolae
784 4914 885 4990 betti
913 4913 1020 4989 Pauli
1052 4918 1155 5013 Apo·
1233 4914 1349 5007 scitis,
1392 4914 1554 5014 quoliter
1593 4922 1913 5015 unumquemque
1952 4936 2035 4987 ves-

496 5018 586 5095 stoli
610 5018 661 5095 ad
687 5020 1064 5095 Thessalonicenses.
1233 5039 1349 5115 trum,
1377 5021 1474 5097 sicut
1500 5036 1609 5122 pater
1634 5020 1736 5097 lilios
1768 5045 1874 5113 suos²
1905 5017 2036 5118 depre-
2079 5050 2081 5081 τ

313 5041 317 5228 i
427 5117 433 5127 ’
636 5127 672 5199 Ι.
708 5127 835 5202 Thess.
873 5149 909 5201 2.
1234 5137 1364 5203 contes
1387 5151 1459 5203 vos
1495 5128 1818 5220 &consolantes
1847 5120 2036 5200 testificati
2117 5167 2120 5174 .

308 5203 318 5386 'i
503 5255 597 5307 rrss
630 5256 638 5303 :
672 5230 873 5307 Fidociam
902 5230 1110 5307 habitintus
1141 5229 1179 5305 in
1235 5256 1382 5325 sumus,
1400 5248 1443 5306 ut
1457 5233 1707 5309 ambularetis
1726 5232 1838 5331 digne
1852 5233 1950 5321 Deo,
1969 5225 2035 5327 qui

308 5339 318 5488 ἱ.
480 5340 566 5413 Deo
586 5350 734 5429 nostr0‚
755 5336 862 5437 loqui
887 5337 936 5411 ad
959 5361 1031 5412 vos
1054 5338 1181 5412 Evan·
1233 5336 1389 5414 vocovit
1412 5361 1484 5413 vos
1507 5338 1546 5413 in
1571 5362 1687 5415 suum
1711 5361 1872 5437 regnum
1897 5340 1931 5411 ot
1961 5335 2037 5431 glo·

387 5442 523 5539 golium
572 5441 642 5517 Dei
685 5443 725 5517 in
761 5444 883 5519 multa
923 5442 1178 5519 solicitudine.
1235 5445 1345 5519 riam.
1370 5442 1461 5517 ldeo
1481 5448 1514 5518 ot
1534 5468 1606 5521 nos
1621 5444 1761 5543 grotias
1783 5442 1932 5541 agimus
1952 5442 2035 5514 Deo

309 5587 312 5644 ι
388 5549 612 5625 Exhortatio
625 5550 727 5627 enirn
738 5567 871 5627 nostra
883 5552 1021 5628 nonde
1036 5560 1178 5645 errore,
1235 5549 1316 5624 sine
1334 5547 1617 5625 intermissione
1633 5578 1643 5644 ;
1661 5548 1848 5649 quoniam
1869 5567 1959 5621 curn
1977 5565 2037 5661 ac·

309 5665 312 5758 ff
387 5680 510 5755 neque
526 5655 575 5730 de
590 5656 848 5750 immunditia,
868 5682 993 5756 neque
1007 5656 1047 5732 in
1062 5657 1179 5734 dolo:
1236 5652 1431 5754 cepissens
1446 5678 1469 5728 a
1484 5654 1597 5730 nobis
1606 5657 1771 5729 verbum
1787 5651 1939 5726 auditus
1949 5651 2035 5765 Det,

309 5761 312 5780 ¹
389 5761 452 5835 sed
488 5760 589 5837 sicut
614 5762 765 5862 proboti
796 5788 930 5839 sumus
959 5788 982 5839 a
1013 5766 1109 5857 Deo,
1141 5779 1184 5839 ut
1236 5760 1436 5861 accepistis
1449 5758 1556 5851 illud,
1571 5784 1651 5835 non
1668 5776 1712 5835 ut
1732 5760 1897 5834 verbum
1911 5756 2037 5830 homi-

389 5867 604 5941 crederetur
625 5867 739 5943 nobis
763 5868 1030 5967 Evangelium,
1053 5868 1105 5944 ita
1125 5868 1182 5943 lo·
1237 5892 1344 5960 num,
1369 5865 1449 5959 sed,
1467 5864 1564 5941 sicut
1578 5881 1635 5941 est
1647 5890 1754 5959 vere,
1771 5863 1937 5938 verbum
1951 5856 2036 5950 Dei,

309 5907 313 6074 i
389 5972 542 6069 quimur
566 6000 578 6065 ;
604 5996 683 6048 non
706 5974 817 6073 quasi
844 5973 1068 6050 hominibus
1101 5974 1183 6073 pla·
1237 5974 1302 6073 qui
1316 5980 1497 6072 operitur
1507 5970 1546 6047 in
1565 5971 1692 6067 vobis,
1719 5969 1787 6071 qui
1810 5964 2036 6045 credidistis.

309 6079 312 6140 i
389 6084 530 6171 centes,
561 6078 628 6153 sed
662 6082 759 6173 Deo,
795 6080 861 6180 qui
897 6082 1037 6180 probat
1064 6079 1185 6155 corda
1286 6076 1495 6154 Graduale.
1524 6078 1585 6153 II.
1601 6078 1692 6155 Cor.
1716 6104 1751 6153 1.
1768 6075 1901 6152 Gloria
1914 6086 2041 6149 vestra
