5325 7200
820 796 916 871 llum
963 798 1008 893 tj.
1038 806 1120 897 posi
1159 794 1658 894 tuntr·td÷rij..·tngnsti.
1978 876 1982 883 .
2070 792 2116 866 17

368 930 601 1035 plicabitur
631 932 672 1009 in
713 930 834 1013 domo
876 933 1101 1023 Dominio
1143 926 1204 1006 Ad
1291 927 1383 1007 coeli
1403 951 1494 1007 cum
1514 932 1659 1010 viruite
1675 933 1819 1030 multa,
1837 942 1881 1045 et
1899 928 2116 1036 majestate.

363 1040 699 1121 annuntiandum
742 1063 858 1121 mane
887 1039 1205 1122 miscricdrdinm
1292 1036 1341 1115 Et
1364 1036 1495 1117 mittet
1519 1038 1691 1140 Angelos
1709 1064 1801 1121 suos
1819 1065 1910 1120 cum
1936 1042 2050 1141 tuba,
2078 1060 2119 1125 et

363 1160 504 1247 tuam,
524 1165 565 1229 et
581 1149 788 1228 veritatem
812 1160 922 1231 tuam
941 1174 1013 1254 per
1033 1160 1205 1230 noctem.

398 1256 584 1341 dilelriia
601 1318 609 1346 ‚
626 1256 797 1337 alleluiis.
821 1274 854 1349 t,
873 1272 941 1347 ,tgr
998 1277 1026 1347 t,
1063 1257 1208 1343 ttedtus

363 1365 443 1461 vir,
461 1365 532 1467 qui
551 1362 690 1444 suffert
707 1367 965 1446 tentationem
979 1396 989 1461 ;
1004 1366 1207 1471 queniam,

369 1495 472 1550 cum
507 1470 700 1573 probitus
727 1472 864 1571 fierit,
892 1475 1059 1577 accipiet
1090 1479 1205 1554 cord-

374 1602 476 1657 nam
495 1581 601 1659 ritae.
632 1578 815 1659 Allelriio.

365 1686 595 1789 sequentia
613 1690 740 1766 sancti
761 1688 963 1790 Evangelii
982 1690 1204 1771 secundum

604 1795 849 1876 Mallhaeum.
866 1836 898 1881 r.
918 1816 959 1885 ii

415 1900 540 1982 nillo
568 1904 776 2006 tempore:
806 1905 915 1984 Dixit
940 1906 1057 1987 lesus
1086 1906 1205 1987 discl-

433 2010 543 2111 pulis
571 2011 655 2089 suis
681 2040 689 2085 :
715 2012 817 2090 Cum
844 2012 1024 2095 videritis
1051 2015 1205 2095 altomi·

368 2114 580 2196 natidnem
599 2116 873 2215 desolationis,
902 2144 993 2223 quae
1020 2122 1204 2205 dictaest

367 2246 392 2300 a
417 2223 584 2305 Daniele
611 2226 826 2329 Propheta,
847 2237 1016 2308 stantem
1044 2232 1083 2308 in
1112 2233 1202 2316 loco

368 2343 544 2425 sancto;
572 2334 641 2437 qui
675 2335 794 2435 legit,
834 2336 1039 2441 intelligat.
1067 2342 1201 2442 Tunc,

368 2441 442 2539 qni
462 2442 504 2519 in
522 2440 664 2520 ludaea
683 2449 791 2539 sunt,
819 2442 971 2547 trigiam
1001 2446 1053 2524 ad
1084 2472 1203 2529 mon-

368 2556 459 2639 tes;
483 2559 524 2629 et
551 2550 622 2651 qui
650 2550 690 2627 in
720 2558 850 2647 tecla,
878 2574 958 2631 non
987 2552 1203 2637 descendat

366 2655 512 2735 tollere
529 2656 685 2759 aliquid
713 2658 764 2737 dc
796 2657 918 2737 domo
937 2683 1010 2739 sua
1025 2690 1035 2753 ;
1063 2672 1102 2742 et
1131 2667 1200 2767 qni

367 2762 410 2839 in
442 2786 557 2865 agro,
578 2787 658 2843 non
687 2766 907 2845 revertitur
935 2768 1074 2849 tollere
1101 2771 1202 2850 trini-

365 2892 458 2947 cam
486 2894 612 2949 suam.
633 2870 698 2952 Vae
724 2882 856 2951 antem
885 2876 1197 2977 praegnantibus,

366 2986 407 3055 ct
433 2980 705 3059 nutrientibus
726 2980 767 3057 in
796 2980 876 3059 illis
896 2981 1049 3061 dicbus.
1078 2985 1199 3067 Ordtc

366 3094 531 3184 autem,
563 3098 608 3165 ut
643 3109 724 3166 non
767 3088 836 3166 fiat
876 3088 968 3192 luga
1002 3100 1131 3171 vestra
1157 3094 1196 3173 in

366 3188 518 3289 hieme,
544 3194 605 3272 vel
637 3194 819 3273 sabbato.
855 3196 942 3274 Erit
967 3198 1074 3275 enim
1104 3209 1199 3282 tunc

366 3300 578 3382 tribulatio
608 3325 769 3406 magna,
786 3303 916 3405 qualis
941 3307 1121 3387 nonfuit
1146 3311 1197 3390 ab

365 3407 484 3487 initio
504 3410 645 3488 mundi
660 3433 789 3513 nsque
805 3410 951 3506 modo,
970 3435 1100 3517 neque
1119 3418 1195 3497 flet.

367 3514 418 3593 Et
439 3516 516 3595 nisi
546 3516 717 3597 brevitti
737 3518 905 3600 fuissent
922 3518 1007 3600 dies
1022 3522 1101 3622 illi,
1116 3546 1196 3606 non

365 3625 481 3704 lieret
497 3625 607 3706 salva
629 3628 761 3707 omnis
785 3651 904 3707 caro:
933 3629 1004 3708 sed
1033 3645 1198 3735 propter

363 3733 512 3814 electos
541 3734 833 3816 breviabuntur
861 3733 949 3815 dies
981 3737 1050 3816 illi.
1084 3741 1195 3822 Tunc

363 3841 396 3918 si
423 3843 515 3944 quis
540 3843 656 3923 vobis
687 3845 853 3942 dixerit,
887 3845 1011 3944 Ecce,
1045 3848 1111 3927 hic
1137 3861 1197 3932 est

364 3949 563 4048 Christus,
595 3959 665 4032 ant
697 3953 807 4046 illic;
849 3952 975 4033 nolite
1016 3955 1191 4040 credere.

361 4058 534 4162 Surgent
549 4060 658 4140 enim
684 4061 1006 4164 pseudochristi,
1023 4071 1063 4143 et
1079 4089 1195 4167 pseu·

362 4165 645 4270 doprophdtae,
665 4179 704 4249 et
718 4155 877 4248 'debiat
896 4169 1009 4273 signa
1033 4193 1193 4278 magna,

359 4285 398 4356 et
426 4277 631 4381 prodigia,
661 4277 717 4357 ita
737 4289 782 4357 ut
807 4277 848 4354 in
875 4278 1053 4358 errorem
1076 4282 1192 4364 indn-

361 4383 505 4464 cltntur
535 4385 578 4486 (si
610 4386 696 4466 lieri
729 4387 872 4490 potest)
905 4387 1026 4466 etiam
1062 4391 1190 4472 electi.

360 4493 484 4592 Ecce,
499 4495 668 4598 praedlxi
690 4496 815 4576 vobis
843 4495 885 4575 Si
904 4519 996 4599 ergo
1019 4497 1190 4584 dixerint

358 4601 494 4700 nebu,
529 4603 653 4699 Ecce,
693 4605 734 4682 in
764 4603 922 4682 deserto
958 4613 1042 4698 est3
1064 4609 1188 4692 nolite

359 4711 466 4790 exire
487 4741 495 4790 :
515 4711 636 4809 Ecce,
661 4713 701 4790 in
736 4711 1009 4814 penetrdlibus
1022 4742 1033 4808 ;
1065 4717 1188 4801 nolite

358 4821 532 4900 credere.
575 4820 687 4900 Sicut
722 4821 830 4900 enim
856 4819 990 4922 fulgur
1023 4824 1103 4904 exit
1132 4829 1184 4908 ab

357 4927 527 5024 oriente,
546 4937 585 5008 et
616 4935 729 5030 paret
753 4951 883 5030 usque
910 4928 963 5008 ad
998 4933 1183 5013 occiden-

357 5044 457 5129 tem,
503 5038 559 5116 ita
588 5037 663 5116 erit
690 5043 730 5116 et
758 5034 951 5117 adventus
983 5036 1074 5118 Filii
1115 5042 1185 5122 hd·

356 5147 488 5226 minis.
522 5145 777 5247 Ubicrimque
802 5143 922 5224 lderit
953 5168 1118 5248 corpus,
1137 5151 1184 5228 il·

356 5251 407 5334 lic
424 5252 773 5360 congregabimur
800 5261 839 5332 et
855 5252 1012 5356 aquilo.
1038 5255 1181 5337 Statim

356 5371 487 5444 autem
512 5371 604 5466 post
627 5360 929 5440 tribulationem
956 5361 1113 5444 dierum
1139 5366 1183 5444 il·

355 5470 488 5552 ldmm
514 5470 574 5550 sol
601 5467 900 5566 obscuribitur,
917 5477 957 5550 et
980 5471 1076 5550 luna
1101 5497 1181 5554 non

355 5578 467 5658 dabit
495 5578 632 5658 lumen
659 5598 799 5675 suum,
819 5583 860 5656 et
883 5577 1009 5658 stellae
1037 5581 1182 5662 cadant

356 5683 405 5764 de
430 5687 561 5782 eosic,
594 5695 634 5764 et
661 5685 826 5765 virtdtes
853 5685 1048 5765 coelorum
1076 5712 1183 5770 com-

355 5791 623 5871 movebuntur
644 5816 653 5870 ε
674 5799 714 5870 et
735 5801 831 5871 tunc
849 5791 1005 5895 parebit
1024 5796 1181 5898 signum

355 5897 445 5978 Filii
470 5897 647 5978 hominis
679 5899 720 5976 in
739 5899 843 5979 coelo
857 5929 867 5994 ;
887 5907 925 5980 et
955 5910 1048 5981 tunc
1070 5903 1183 6006 plan-

354 6006 1182 6110 geutomnistribnsterrae,etvidebuntFl-

354 6115 453 6195 lium
480 6113 657 6196 hdminis
685 6116 909 6199 venientem
936 6118 978 6197 in
1006 6119 1182 6202 mibibus
1254 6145 1338 6222 salt,

401 6247 512 6304 msam
525 6247 626 6304 PROP.
641 6245 718 6304 uult.

1289 1165 1386 1223 voce
1412 1168 1554 1247 magua
1563 1175 1575 1238 ;
1595 1163 1634 1225 et
1651 1149 1949 1253 congregibunt
1968 1150 2117 1232 electos

1290 1253 1417 1352 ejusa
1440 1254 1613 1355 quatuor
1636 1259 1820 1353 renunc
1846 1260 2014 1337 summis
2040 1286 2118 1341 coe·

1289 1358 1421 1438 lorum
1440 1384 1568 1463 usque
1593 1362 1644 1442 ad
1664 1366 1859 1446 terminos
1885 1367 2036 1446 eorum.
2054 1371 2116 1451 Ab

1288 1466 1435 1547 arbore
1453 1479 1585 1548 autem
1604 1472 1669 1549 lici
1698 1472 1841 1551 discite
1855 1472 2113 1575 peribolom:

1288 1597 1380 1654 cum
1398 1578 1482 1676 jam
1509 1599 1644 1657 ramus
1670 1582 1755 1681 eius
1783 1590 1895 1661 tener
1918 1580 2053 1681 inierit,
2074 1602 2115 1669 et

1287 1680 1384 1761 lolia
1411 1692 1529 1777 nata,
1557 1687 1685 1783 scitis,
1704 1688 1800 1788 quio
1833 1712 1960 1791 prope
1986 1701 2046 1771 est
2063 1717 2116 1773 ω·

1287 1799 1369 1869 stas
1382 1817 1393 1882 ;
1426 1790 1482 1869 ita
1508 1800 1548 1870 et
1572 1815 1665 1889 ros,
1705 1818 1797 1874 cum
1821 1796 2001 1877 videritis
2027 1800 2115 1883 lraec

1287 1896 1443 1993 omnia,
1467 1898 1737 2001 catalaunia
1755 1926 1881 2005 prope
1906 1913 1968 1983 est
1994 1906 2035 1984 in
2056 1909 2116 2009 ja·

1286 2006 1390 2083 nnis.
1407 2007 1531 2085 Amen
1548 2006 1640 2085 dico
1656 2007 1788 2106 vobis,
1809 2012 1904 2111 quia
1919 2034 2000 2091 non
2014 2038 2115 2117 prte-

1285 2113 1424 2193 teribit
1456 2114 1659 2217 geuerdtio
1686 2116 1795 2214 haec,
1821 2119 1951 2198 donec
1977 2120 2114 2203 omnia

1284 2222 1394 2301 fiant.
1430 2222 1609 2320 Coelum,
1642 2231 1682 2302 et
1722 2234 1825 2305 terra
1859 2227 2114 2328 transibunt,

1284 2329 1406 2409 verba
1440 2338 1575 2410 autem
1602 2352 1804 2413 mennon
1840 2336 2112 2436 praeteribunt.

1331 2452 1602 2531 litterarium.
1631 2458 1726 2532 llon.
1751 2462 1783 2532 tt.
1821 2441 1945 2528 (trivi
1982 2444 2112 2526 Deum

1283 2567 1418 2624 meum
1444 2569 1516 2651 ego
1544 2550 1712 2646 Diuiel‚
1739 2549 1877 2629 dicens
1903 2580 1912 2625 ε
1941 2552 2106 2639 Exaudi,

1284 2653 1475 2750 Domine,
1506 2682 1646 2760 preces
1671 2658 1775 2735 servi
1806 2659 1896 2735 tui:
1924 2659 2109 2741 illumina

1282 2760 1425 2841 ficiem
1441 2771 1551 2843 tuam
1570 2788 1692 2869 super
1705 2764 2109 2868 sanctuiriumtuum,

1283 2878 1322 2949 et
1348 2870 1549 2973 propitius
1575 2873 1739 2953 intende
1762 2871 1958 2974 populum
1976 2876 2108 2975 istum,

1282 3000 1406 3080 super
1443 3002 1563 3080 quem
1603 2979 1833 3061 inrocitum
1870 2989 1931 3060 est
1962 3004 2110 3063 nomen

1282 3093 1414 3183 tuum,
1437 3087 1559 3167 Deus.

1601 3210 1771 3288 scruto.

1342 3322 1445 3379 annrs
1482 3300 1582 3400 tibi,
1616 3301 1811 3400 Domine,
1844 3303 1997 3383 hdstias
2036 3305 2110 3383 im·

1279 3332 1328 3495 L
1360 3406 1560 3489 molamus
1594 3412 1635 3487 in
1672 3409 1832 3490 tuorum
1866 3433 2110 3493 commemo

1279 3514 1436 3595 ratidne
1469 3518 1735 3615 Sanctorum,
1772 3517 1919 3620 quibus
1958 3540 2032 3600 nos
2067 3530 2108 3601 et

1278 3623 1544 3722 praesentibus
1577 3625 1667 3705 exui
1705 3626 1822 3705 malis
1847 3626 2107 3727 confidimus,

1278 3739 1319 3810 et
1336 3730 1494 3812 lutrinis.
1522 3733 1598 3813 Per
1626 3731 1857 3814 Dominum.

1326 3856 1338 3919 i
1346 3854 1578 3930 Iornnnrnio.
1603 3858 1736 3934 llattlt.
1764 3864 1824 3934 z‘i.
1849 3840 1992 3936 gestus
2019 3863 2103 3920 ΕΘΓ·

1277 3969 1368 4043 vus,
1406 3969 1544 4048 quem,
1571 3971 1665 4028 cum
1694 3948 1848 4029 venerit
1884 3948 2103 4047 dominus,

1278 4053 1473 4134 invenerit
1498 4056 1726 4160 vigildntem
1747 4086 1755 4135 :
1773 4059 1897 4137 Amen
1929 4056 2023 4137 dico
2039 4081 2107 4137 vo·

1276 4161 1358 4259 his,
1387 4166 1671 4265 superomnia
1703 4164 1812 4244 hona
1846 4188 1920 4246 sua
1954 4165 2106 4246 consti·

1276 4279 1361 4352 tuet
1387 4294 1491 4352 cum.

1518 4399 1855 4481 t‘ostromnmmo.

1333 4509 1462 4566 arcem
1479 4487 1592 4581 cibo,
1612 4485 1793 4589 potique
1806 4487 1972 4582 coelesti,
1991 4485 2100 4566 Dens

1270 4523 1323 4690 R
1346 4604 1503 4688 noster,
1520 4603 1560 4674 te
1586 4592 1787 4697 supplices
1811 4595 2041 4686 exortmum
2057 4604 2101 4673 ut

1271 4703 1313 4781 in
1342 4707 1457 4806 cnjus
1488 4705 1573 4784 lucc
1600 4703 1985 4782 commemoratione
2009 4725 2100 4804 per·

1270 4812 1481 4916 cepimuS,
1516 4813 1602 4913 ejus
1639 4810 1870 4890 muniamur
1900 4817 1940 4889 et
1970 4809 2098 4912 preci·

1268 4919 1356 5000 hus.
1377 4921 1451 5000 Per
1474 4919 1703 4998 Dominum.

1361 5181 1531 5234 monum
1554 5185 1601 5235 n.
1622 5185 1706 5236 rosr
1727 5182 1984 5238 rnmnoos'ron.

1442 5256 1512 5340 SS.
1531 5256 1908 5338 REDEMPTORlS.

1310 5379 1448 5476 llissa,
1468 5385 1498 5455 t'.
1513 5366 1686 5463 audens,
1724 5394 1767 5462 nt
1796 5387 1835 5464 in
1852 5387 2083 5489 Appendioc

1261 5489 1450 5585 llissalis,
1472 5493 1588 5570 [lom.
1610 5495 1667 5592 iij.
1689 5495 1800 5572 lolii.

1846 5625 2096 5640 -υ-Δ

1523 5731 1582 5780 ltili
1604 5729 1641 5781 11.
1658 5729 1819 5783 di'Gi'S'l‘l.

1265 5793 1848 5879 smtpfloltfflltanlmnn
1861 5789 2092 5893 ciconio,

1463 5927 1623 5984 urrscom
1641 5926 1877 5982 conrassonrs.

1307 6033 1444 6132 llissa,
1464 6012 1645 6118 Spiritus
1662 6010 1842 6111 miminis
1858 6045 1905 6120 ut
1926 6039 1968 6118 in
1989 6039 2078 6152 liis·

1912 6229 1939 6304 2
