5325 7200
1196 824 1361 901 uteru.
1394 825 1496 920 nat.
2158 840 2204 912 ru

459 996 496 1067 te
524 986 562 1062 in
590 983 808 1081 civitatem,
839 992 882 1061 ut
919 982 1050 1062 ranlat
1071 1005 1191 1085 super
1221 1006 1291 1065 vos

461 1092 592 1171 omnis
611 1092 773 1191 sanguis
786 1093 936 1192 justus,
963 1091 1032 1193 qui
1058 1090 1205 1171 effdsus
1232 1108 1293 1178 est

462 1209 778 1303 superterram,
806 1222 829 1276 ιι
856 1199 1047 1303 sanguine
1071 1200 1168 1279 abel
1192 1200 1289 1303 justi

462 1330 588 1409 usqne
623 1306 675 1384 nd
709 1306 941 1408 sanguinem
983 1306 1185 1387 Zachariae
1215 1308 1289 1387 filii

462 1414 678 1509 Baracblre,
697 1436 817 1515 quem
836 1414 1041 1495 occidistis
1063 1415 1166 1494 inter
1193 1424 1289 1494 tem·

461 1522 571 1624 plum
594 1532 633 1601 et
658 1522 792 1601 altare.
819 1524 944 1602 Amen
961 1521 1054 1601 dico
1072 1523 1203 1621 uobis,
1219 1523 1290 1603 va-

462 1631 573 1708 nient
590 1630 677 1709 brec
690 1629 827 1709 omnia
852 1652 974 1731 super
991 1632 1287 1734 generationem

461 1738 589 1815 istam.
603 1737 835 1835 Jerr'rsnlem,
857 1736 1096 1837 Jerdsalem,
1117 1763 1206 1843 quae
1225 1763 1288 1819 oc·

461 1844 563 1925 eldis
580 1844 822 1947 Propbatas,
862 1856 909 1925 et¹
924 1845 1078 1950 lapidas
1098 1871 1186 1945 coe,
1215 1849 1284 1951 qui

461 1952 513 2029 nd
537 1961 575 2031 te
600 1953 711 2032 missi
731 1962 824 2032 sunt
841 2015 851 2050 ,
868 1954 1024 2055 quoties
1059 1955 1168 2035 uolui
1197 1978 1290 2036 con·

462 2061 622 2164 gregare
639 2060 1198 2165 liliostuos,quembdmodum
1211 2064 1291 2169 gal·

461 2170 543 2250 llna
561 2170 772 2272 congregat
788 2168 920 2271 pullos
938 2194 1033 2251 suos
1051 2174 1126 2252 sub
1146 2173 1291 2271 alas,et

461 2286 643 2365 noluisti!
666 2284 765 2365 Ecce
798 2285 1047 2391 relinquatur
1078 2289 1192 2370 vobis
1214 2289 1289 2371 do-

462 2417 552 2473 mus
572 2404 698 2474 restra
718 2393 886 2475 desarta.
922 2396 1022 2476 Dico
1049 2398 1155 2477 enim
1174 2398 1289 2477 robis

462 2524 543 2583 non
565 2501 828 2581 meridabitis
842 2502 1011 2601 amede,
1029 2503 1158 2583 donec
1183 2504 1291 2585 dica·

463 2612 541 2799 tiz:
562 2610 801 2691 Benedictus
833 2612 903 2715 qui
926 2612 1100 2715 venitin
1127 2614 1290 2693 nomine

463 2719 497 2798 D
528 2718 650 2797 mini.¹
1134 2792 1141 2805 .

517 2832 787 2913 Oll'ertorium.
821 2836 877 2909 Ps.
913 2834 971 2911 ao.
998 2828 1189 2925 Posuisti,
1209 2827 1291 2910 Do·

462 2936 704 3037 mine,super
720 2944 840 3037 caput
859 2938 944 3037 ejus
961 2936 1152 3016 eoronam
1169 2937 1218 3016 de
1238 2936 1292 3015 la·

462 3042 556 3144 pide
574 3044 750 3145 pretioso
767 3043 910 3122 :vitam
925 3044 1040 3147 patiit
1057 3066 1079 3123 a
1097 3055 1151 3141 te,
1169 3054 1208 3123 et
1225 3044 1293 3123 tri·

466 3150 647 3246 bulstiei‚
674 3150 846 3229 alleldia.

819 3262 992 3341 Secreta.

538 3388 667 3443 ccerrx
685 3364 791 3445 sitin
811 3365 1030 3469 conspactu
1048 3373 1130 3462 tuo,
1150 3365 1291 3445 llomi·

467 3396 537 3563 Α
556 3495 615 3568 ne,
633 3485 769 3554 nostra
793 3473 954 3553 devotio
971 3502 979 3551 ε
998 3483 1037 3553 et
1059 3475 1145 3573 ejus
1173 3473 1291 3553 uobis

464 3576 531 3658 liat
562 3581 855 3684 supplicatione
881 3580 1079 3678 salutaris,
1109 3604 1182 3684 pro
1214 3605 1287 3660 cu·

459 3687 525 3786 jns
552 3687 802 3770 solemnitate
830 3688 1020 3769 delortur.
1050 3689 1125 3768 l’er
1153 3689 1291 3769 Domi·

465 3815 572 3871 uum.

512 3909 764 3990 Communio.
801 3911 917 3988 toan
956 3911 1014 3986 la.
1064 3903 1149 4008 Qui
1195 3903 1292 3983 mibi

463 4011 687 4108 ministrat,
714 4034 776 4090 me
809 4013 1021 4114 sequatur:
1041 4021 1082 4092 et
1111 4012 1180 4092 ubi
1202 4035 1291 4090 sum

463 4141 563 4218 epo,
592 4119 675 4198 illic
693 4132 731 4199 ct
749 4120 930 4199 minister
968 4141 1082 4200 meus
1116 4121 1201 4218 erit,
1236 4119 1294 4198 al·

460 4225 594 4306 talaia.

700 4341 1037 4422 postcommunio.

537 4472 660 4526 raacrr
681 4447 988 4550 participatione
1016 4447 1195 4526 moneris
1229 4470 1295 4526 sa-

546 4557 615 4654 cri,
634 4579 885 4658 quesumus,
901 4555 1075 4634 Domine
1100 4555 1206 4635 Deus
1223 4577 1293 4634 no·

465 4669 546 4742 ster
565 4693 573 4744 :
589 4673 641 4761 ιιι,
656 4666 770 4765 cujus
788 4663 1023 4765 exequimur
1045 4663 1218 4760 cultum,
1238 4663 1295 4742 in·

463 4773 690 4852 tercedante
706 4772 822 4851 beato
840 4771 1013 4851 leremla
1026 4771 1198 4874 llartyre
1212 4783 1293 4868 tuo,

464 4881 686 4960 sentiamus
721 4880 918 4960 effaetum.
962 4880 1037 4959 Per
1063 4880 1293 4960 Dominum.

798 5105 948 5160 nrnxrv.

644 5205 682 5283 S.
706 5201 804 5284 toa
824 5201 1128 5297 PROPHETAE,

759 5324 998 5380 concessoris.

437 5463 439 5468 -
657 5413 862 5491 introitus.
887 5409 1038 5487 Pselm.
1059 5409 1118 5485 56.

576 5555 593 5607 s
622 5527 719 5629 justi
745 5525 1005 5606 meditabitur
1033 5522 1292 5627 sapientiam,

464 5543 638 5833 Oct
677 5633 814 5737 lingua
849 5633 933 5734 ejus
977 5631 1162 5733 loquatur
1185 5629 1292 5731 judl-

591 5745 698 5823 cium
716 5771 724 5822 :
740 5743 803 5821 lex
817 5739 890 5820 Dei
909 5741 996 5840 eius
1015 5739 1055 5816 in
1079 5737 1200 5818 corde
1227 5737 1292 5839 ip-

465 5850 570 5948 slus,
601 5849 783 5946 allelr'ria,
815 5844 987 5925 alleldin.
1009 5847 1070 5920 Ps.
1112 5843 1206 5924 Noli
1238 5867 1290 5923 re·

466 5958 609 6037 molari
628 5959 669 6036 in
689 5954 999 6060 malignantibus
1025 5981 1034 6032 ι
1066 5975 1196 6056 neque
1225 5975 1288 6032 zc-

464 6059 609 6144 laveris
643 6065 832 6153 sociantes
861 6062 1170 6165 iniqnitatema.
1195 6061 1286 6140 Glo-

470 6169 524 6247 ria
547 6171 663 6249 l’atri.

1708 994 1855 1069 Oratio

1439 1122 1512 1195 ars,
1531 1102 1600 1202 qui
1619 1123 1692 1181 nos
1709 1102 1816 1183 beati
1843 1105 1921 1184 lob
1952 1106 2202 1187 Confessoris

1462 1207 1518 1286 tui
1546 1210 1679 1288 annua
1709 1211 1961 1292 solemnitate
1987 1213 2198 1295 laetilicas:

1373 1315 1548 1396 conrade
1566 1319 1763 1420 propitius
1780 1348 1792 1413 3
1822 1331 1865 1400 ut
1891 1323 2004 1423 cuius
2023 1323 2202 1402 natalitia

1373 1419 1566 1521 colimus,
1597 1427 1717 1505 otiam
1769 1430 1949 1509 actiones
1981 1429 2199 1511 imitamur.

1374 1528 1450 1608 Per
1467 1532 1685 1613 Dominum
1704 1544 1896 1616 nostrum.

1422 1634 1475 1714 at
1503 1637 1547 1716 fit
1582 1639 1912 1719 commemoratio
1937 1641 1979 1720 S.
2011 1641 2203 1721 Bonilacii

1376 1743 1491 1821 Mart.

1712 1855 1867 1937 Oratio.

1451 1989 1472 2043 ι
1519 1987 1748 2067 quesumus
1776 1971 2030 2071 omnipotens
2063 1974 2195 2055 Deus:

1440 2080 1503 2168 ut,
1531 2072 1600 2174 qui
1642 2074 1746 2153 beati
1785 2076 1980 2158 Boniiacii
2020 2080 2205 2183 Martyris

1372 2175 1430 2253 tui
1459 2178 1654 2259 solamnia
1682 2183 1876 2282 colimus,
1901 2192 1988 2286 ejus
2020 2189 2129 2291 apud
2158 2198 2198 2267 te

1372 2277 1725 2370 intercessionibus
1742 2291 1988 2391 adjuvamur.

1396 2392 1550 2570 &Lll'ertia
1589 2396 1726 2473 Oratio
1762 2396 1810 2473 dc
1844 2400 1885 2475 S.
1917 2398 2069 2495 llario,
2101 2400 2207 2483 Con·

1373 2514 1395 2569 c
1448 2516 1480 2570 e.

1378 2600 1516 2681 tactio
1552 2602 1738 2784 Epistol?
1769 2604 1811 2685 B.
1842 2606 1983 2688 ancabi
2010 2607 2204 2712 Apostoli.

1735 2730 1794 2786 ac.
1819 2726 1852 2785 t.

1433 2842 1589 2899 xnrssrm
1603 2850 1611 2899 :
1623 2820 1754 2900 Omne
1771 2822 1961 2925 gandium
1981 2828 2202 2911 existimate

1452 2950 1544 3005 cum
1570 2929 1870 3010 intentationes
1893 2934 2023 3014 varias
2055 2936 2205 3017 incida·

1376 3030 1485 3112 ritis:
1500 3036 1669 3116 solantes
1687 3038 1797 3139 quod
1815 3041 2002 3142 probatio
2018 3042 2113 3123 lidei
2139 3067 2205 3124 ue·

1375 3147 1468 3220 stre
1508 3144 1741 3246 pallantiam
1775 3148 1975 3250 operatur.
2009 3151 2204 3231 Patiantia

1375 3257 1508 3327 autem
1544 3273 1646 3354 opus
1670 3254 1888 3354 perfectum
1922 3256 2062 3337 babet:
2079 3266 2124 3338 ut
2150 3259 2202 3337 si·

1374 3355 1425 3433 tis
1449 3358 1613 3458 perlacti
1642 3371 1682 3441 et
1708 3361 1872 3465 integri,
1891 3364 1931 3441 in
1959 3365 2070 3445 nullo
2101 3366 2198 3446 deli·

1374 3464 1534 3545 ciantes.
1564 3467 1607 3548 Si
1634 3470 1725 3573 quis
1751 3481 1884 3551 autem
1903 3483 2078 3553 restrum
2102 3474 2205 3553 lndi·

1374 3580 1439 3674 get
1452 3574 1659 3676 sapiantia,
1679 3576 1853 3680 postulet
1871 3603 1894 3659 a
1917 3581 2027 3678 Deo,
2045 3583 2114 3685 qui
2134 3582 2205 3664 dat

1374 3679 1563 3762 omnibus
1591 3685 1824 3783 affluenter,
1843 3697 1882 3768 et
1899 3712 1980 3769 non
2005 3691 2202 3793 imprope

1374 3796 1458 3866 rat:
1474 3797 1513 3868 et
1541 3791 1704 3872 dabitur
1733 3795 1781 3873 ei.
1804 3795 1982 3876 Postulat
2005 3809 2137 3878 autem
2161 3799 2202 3876 in

1376 3895 1454 3975 lide
1480 3899 1581 3978 nibil
1610 3902 1827 3982 baesitans:
1852 3905 1922 4006 qui
1946 3906 2052 3984 enim
2086 3906 2203 3986 baesi·

1375 4012 1454 4102 tat,
1480 4007 1625 4087 similis
1657 4019 1718 4088 est
1745 4011 1882 4092 ilrictui
1914 4013 2056 4109 maris,
2082 4015 2152 4115 qui
2179 4036 2203 4091 a

1375 4123 1492 4194 vento
1525 4118 1711 4199 moratur
1733 4131 1772 4198 et
1799 4121 2087 4200 circumfortur.
2113 4121 2200 4201 Non

1374 4243 1469 4324 ergo
1508 4225 1677 4304 estimet
1708 4226 1830 4307 bomo
1870 4228 1937 4306 ille
1960 4228 2070 4328 quod
2100 4229 2203 4307 accl-

1375 4329 1459 4429 piat
1487 4329 1641 4434 aliquid
1674 4355 1697 4410 a
1729 4334 1915 4415 Domino.
1953 4335 2023 4412 Vir
2053 4334 2203 4437 duplex

1375 4436 1516 4517 animo
1528 4439 1761 4519 inconstans
1777 4449 1837 4520 est
1862 4444 1902 4519 in
1921 4441 2111 4523 omnibus
2126 4445 2201 4524 riis

1375 4546 1469 4624 suis.
1503 4546 1705 4627 Gloriatur
1731 4556 1865 4629 autem
1891 4550 2016 4630 frater
2037 4553 2201 4633 bomilia

1374 4651 1416 4729 in
1431 4653 1666 4736 exaltatione
1683 4679 1755 4735 sua
1773 4685 1782 4736 :
1801 4657 1912 4737 dives
1930 4667 2060 4738 autem
2075 4661 2116 4739 in
2131 4663 2203 4741 bu·

1376 4760 1543 4840 militate
1566 4785 1660 4858 sua,
1688 4762 1879 4867 quoniam
1905 4766 2010 4846 sicut
2031 4769 2106 4849 llos
2131 4769 2200 4849 soe·

1376 4869 1418 4946 ni
1453 4871 1675 4950 transibit:
1704 4871 1867 4952 exortus
1896 4883 1958 4953 est
2002 4877 2109 4954 enim
2137 4877 2200 4956 sol

1375 4999 1468 5056 cum
1489 4977 1654 5075 ardore,
1677 4988 1717 5060 et
1738 4981 1902 5061 aret'acit
1931 4981 2114 5080 loenum,
2152 4994 2194 5064 et

1376 5084 1548 5187 florejus
1566 5085 1719 5166 dacidit
1739 5095 1801 5184 ,et
1828 5088 1951 5194 decor
1965 5089 2099 5170 vultus
2113 5092 2200 5191 ejus

1376 5192 1547 5297 depariit
1560 5222 1568 5270 :
1582 5195 1637 5274 ita
1655 5207 1695 5274 et
1712 5195 1822 5277 dives
1841 5197 1881 5277 in
1895 5198 2105 5295 itineribus
2116 5200 2200 5279 suis

1376 5303 1610 5383 marcascet.
1653 5303 1800 5383 Beatus
1842 5305 1921 5402 uir,
1953 5306 2024 5408 qui
2064 5304 2201 5386 suffert

1375 5410 1634 5515 tentationem
1661 5411 1903 5513 :quoniam
1941 5435 2032 5491 cum
2055 5414 2201 5514 proba-

1375 5527 1439 5598 tus
1465 5518 1614 5613 faerit,
1649 5519 1821 5621 accipiet
1849 5520 2041 5598 coronam
2074 5520 2199 5619 ritte,

1374 5647 1496 5726 quam
1542 5625 1772 5726 repromisit
1828 5626 1936 5704 llens
2001 5625 2200 5730 diliganti-

1376 5732 1521 5812 busse.

1418 5845 1612 5940 Tempore
1639 5839 1831 5917 Pascbali.
1880 5840 2071 5940 alleldia,
2107 5843 2201 5924 alle·

1372 5946 1465 6026 ldie.
1479 5951 1517 6029 a·
1537 5947 1620 6026 Jac.
1651 5953 1685 6024 t.
1714 5946 1859 6028 Beatus
1881 5949 1956 6043 vir,
1975 5951 2044 6054 qui
2062 5949 2203 6030 suffert

1372 6053 1643 6152 tentationem,
1660 6054 1875 6157 qnoniam,
1892 6081 1984 6138 cum
2004 6057 2198 6159 probatus

1372 6164 1508 6260 lderit,
1522 6163 1692 6266 accipiet
1709 6164 1897 6243 coronam
1913 6167 2013 6260 vitre,
2027 6164 2197 6243 allelriia.
