5325 7200
301 1151 308 1312 l

304 1319 311 1646 l

309 2013 313 2054 Ι

817 924 946 1001 Missa
971 923 1019 1001 de
1046 925 1091 999 B.
1119 924 1174 1000 M.
1206 923 1252 999 V.
1292 944 1367 1021 pro
1394 920 1600 998 Defunclis
1973 915 2043 992 53*

688 1068 854 1145 Secreta.
1243 1056 1338 1135 catis
1352 1054 1554 1152 mundata,
1572 1057 1736 1133 salutem
1752 1062 1934 1133 aeternam
1952 1079 2043 1133 con·

455 1194 507 1246 ao
532 1166 687 1246 collatis
708 1167 822 1244 donis
847 1165 1081 1245 sacrificium
1103 1163 1185 1260 tibi,
1242 1171 1442 1267 sequatur.
1460 1166 1534 1241 Per
1552 1164 1734 1242 eumdem
1750 1161 1975 1241 Dominum.

372 1192 442 1359 P
481 1276 669 1373 Domine,
693 1274 819 1353 laudis
844 1274 1066 1369 offerimus;
1096 1296 1187 1373 sup·
1471 1276 1798 1355 postcommunio,
1862 1270 1864 1277 ’

378 1382 533 1483 pliciter
553 1383 820 1484 deprecantes,
850 1397 895 1458 ut
920 1379 1028 1483 quod
1054 1377 1188 1454 imme
1314 1404 1362 1455 nn
1380 1380 1463 1455 haec
1487 1376 1682 1479 mysteria,
1705 1402 1941 1477 quaesumus,
1960 1378 2040 1453 Do·

380 1488 462 1565 ritis
484 1489 699 1585 contulisti,
725 1489 776 1566 ad
792 1488 948 1566 laudem
967 1484 1095 1587 gratiae
1111 1500 1186 1561 tuae
1237 1406 1306 1573 P
1340 1484 1458 1579 mine,
1483 1486 1688 1587 repellatur
1698 1484 1821 1562 hostis
1834 1484 1910 1579 ille,
1923 1508 2040 1585 quem

382 1594 605 1673 &nominis
621 1597 677 1675 tui
690 1594 853 1696 gloriam
870 1596 1096 1672 referamus.
1114 1593 1188 1668 Per
1241 1592 1354 1669 beata
1374 1594 1501 1669 Maria
1523 1591 1691 1691 virgineo
1705 1607 1817 1693 partu
1836 1590 2038 1669 contrivit:

380 1702 600 1779 Dominum
623 1718 815 1780 nostrum.
1239 1714 1283 1775 ut
1308 1698 1440 1777 anima
1466 1698 1600 1775 famuli
1629 1697 1684 1776 tui
1722 1706 1771 1780 N.
1790 1700 1871 1799 (vet
1886 1698 2040 1775 famulae

610 1812 942 1889 Postcommunio.
1241 1821 1316 1882 tuae
1337 1808 1410 1905 N.)
1432 1806 1480 1882 de
1496 1814 1683 1907 potestate
1699 1807 1945 1883 tenebrarum
1962 1815 2041 1883 ere·

467 1940 555 2009 eus,
582 1915 651 2016 qui
683 1914 875 2016 conspicis
905 1914 997 2016 quia
1022 1912 1116 1989 nihil
1139 1936 1186 1989 ex
1240 1929 1320 2012 pta,
1347 1913 1602 1990 transferatur
1628 1912 1667 1988 in
1693 1937 1854 2011 regnum
1878 1913 1961 1990 Filii
1985 1912 2040 1991 tui

383 1938 464 2107 D
504 2021 622 2099 nobis
653 2022 844 2099 habemus
875 2020 983 2123 quod
1013 2044 1085 2122 pro
1110 2018 1186 2096 tuis
1240 2020 1399 2097 Domini
1424 2019 1546 2097 nostri
1565 2023 1587 2097 J
1591 2044 1659 2095 esu
1686 2016 1856 2097 Christi:
1886 2019 1964 2119 Qui
1990 2036 2040 2099 te

384 2129 584 2206 beneficiis
601 2128 765 2205 reddere
785 2130 1015 2207 valeamus:
1044 2134 1185 2203 conce·
1241 2151 1333 2203 cum
1354 2126 1500 2205 vivit&
1526 2141 1670 2226 regnat.

384 2237 445 2329 de,
474 2260 732 2337 quaesumus3
756 2252 800 2314 ut
821 2235 917 2337 ipse,
946 2234 1013 2337 qui
1040 2258 1082 2309 se
1112 2256 1185 2334 pro
1299 2308 1304 2315 .

385 2342 496 2419 nobis
521 2342 758 2420 sacrificium
781 2342 934 2438 obtulit,
962 2340 1096 2440 dignas
1118 2338 1185 2417 tibi
1505 2316 1768 2382 ORATIONES

312 2471 316 2562 Ξ
385 2440 523 2526 referat
545 2450 757 2550 gratiarum
784 2449 970 2544 aciones,
994 2446 1186 2525 nominas
1312 2439 1418 2517 ruo
1439 2438 1733 2515 rnucnnus
1754 2439 1971 2517 renum.
2002 2394 2004 2401 ’

312 2567 316 2582 “
385 2574 515 2635 noster
527 2560 644 2635 lesus
659 2558 835 2636 Christus
849 2558 968 2635 Filius
981 2571 1090 2633 tuus:
1107 2553 1187 2651 Qui
1563 2550 1709 2627 Oratio

384 2680 511 2742 tecum
526 2664 624 2741 vivit
638 2670 671 2741 a
685 2681 830 2765 regnat.
1242 2684 1489 2849 Earum,
1505 2684 1745 2759 quaesumus,
1757 2660 1925 2738 Domine
1935 2666 2041 2740 Deus

384 2778 1187 2792 ...—..-....-.-....-
1347 2780 1491 2859 noster,
1522 2764 1827 2843 benedictionem
1851 2784 1957 2845 tuam
1981 2794 2042 2846 su·

588 2848 719 2912 Mffl
745 2849 804 2912 DE
827 2850 862 2913 Β·
889 2852 934 2915 M·
959 2854 999 2916 V·
1241 2898 1311 2974 per
1336 2873 1525 2974 populum
1548 2888 1673 2966 tuum,
1701 2877 1735 2949 a
1762 2898 1879 2975 super
1905 2900 2041 2953 omnes

516 2968 644 3044 PRO
682 2964 1061 3043 DEFUNCTIS·
1242 2978 2041 3073 fructusrerrae;utcolltttiad1audem&

428 3089 552 3164 Missa
578 3091 837 3192 Concupiscet
850 3092 948 3166 Rex.
963 3108 1005 3169 ut
1015 3094 1053 3169 in
1066 3097 1179 3171 Festo
1241 3088 1433 3163 honorem
1460 3084 1581 3162 saneti
1608 3084 1777 3162 nominis
1803 3086 1858 3163 tui
1885 3088 2039 3191 dispen-

383 3199 422 3269 Β.
444 3198 502 3270 Μ.
535 3198 583 3271 V.
613 3196 660 3270 de
688 3197 894 3295 Suffragiis.
938 3222 979 3296 p.
1010 3199 1067 3271 6⁴.
1088 3227 1179 3278 cum
1242 3202 1386 3269 senrur.
1403 3195 1476 3270 Per
1490 3193 1703 3270 Dominum
1719 3209 1894 3291 nostrum
1906 3199 2040 3273 lesum

382 3302 631 3378 Orationibus
641 3305 902 3402 sequentihus,
1243 3300 1439 3378 Christum
1459 3298 1598 3376 Filium
1629 3314 1754 3379 tuum.

706 3413 856 3487 Oratio.
1107 3458 1112 3466 =
1555 3416 1717 3489 Secreta.

447 3543 642 3595 ouvnurar
666 3519 814 3593 famulo
845 3532 913 3593 tuo
949 3522 996 3593 N.
1021 3518 1106 3616 (vel
1129 3518 1186 3593 ia·
1332 3538 1408 3588 orn
1442 3510 1575 3613 populi
1605 3512 1675 3606 tui,
1702 3514 1881 3611 Domine,
1916 3524 2040 3618 propi·

384 3538 438 3710 S
469 3626 590 3701 mulae
617 3640 692 3701 tuae
714 3629 764 3700 Ν.
779 3627 808 3722 ),
838 3645 1075 3725 quaesumus,
1107 3628 1186 3702 Do·
1354 3618 1429 3696 tius
1454 3617 1602 3719 respice
1626 3647 1637 3714 3
1665 3635 1709 3696 ut
1734 3646 1803 3721 per
1828 3624 1911 3700 haec
1937 3623 2042 3700 dona

386 3733 504 3827 mine,
530 3733 655 3808 beatae
686 3733 821 3808 Mariae
845 3754 1000 3832 semper
1024 3731 1188 3831 Virginis
1242 3752 1328 3827 quae
1341 3725 1408 3803 tibi
1427 3749 1473 3801 ex
1489 3725 1675 3803 lroetibus
1696 3743 1806 3804 terrae
1827 3729 2041 3827 offerimus,

387 3838 645 3933 intercessio;
684 3838 833 3940 ipsique
861 3838 1028 3938 judicem
1058 3840 1187 3938 placa·
1240 3835 1435 3912 frattuum
1463 3832 1577 3909 nobis
1604 3835 1819 3911 ubertatem
1841 3837 2044 3915 salubriter

388 3945 502 4022 bilem
539 3945 669 4038 faciat,
703 3969 820 4044 quem
851 3944 1000 4021 mundo
1027 3946 1186 4045 peperit,
1242 3941 1426 4041 largiaris.
1452 3943 1526 4016 Per
1548 3940 1761 4016 Dominum
1786 3959 1961 4020 nostrum
1984 3947 2044 4022 Je-

389 4054 692 4152 Redemptorem
708 4049 920 4128 Dominum
937 4067 1114 4128 nostrum
1125 4055 1188 4130 Je-
1244 4073 1332 4125 sum
1358 4045 1554 4124 Christum
1574 4046 1714 4123 Filium
1738 4063 1862 4124 tuum.

388 4185 474 4236 sum
492 4159 693 4236 Christum
712 4157 852 4235 filium
872 4173 983 4234 tuum
1004 4185 1013 4235 z
1038 4158 1118 4255 Qui
1140 4176 1192 4238 te·
1474 4157 1802 4234 Postcommunio.

389 4291 478 4343 cum
493 4266 798 4365 vivit&regnat.
921 4306 925 4313 ·
1246 4283 1456 4453 Luscum
1482 4259 1660 4335 fidelibus
1682 4262 1772 4356 tuis,
1799 4269 2043 4364 omnipotens

698 4382 865 4455 Secreta,
1348 4372 1468 4461 Deus,
1491 4373 1703 4468 congruam
1724 4385 1833 4446 terrae
1851 4371 2043 4449 fruetuum

438 4504 681 4556 umavnurrr
702 4502 774 4578 pro
797 4477 924 4571 nobis,
949 4480 1055 4554 Deus
1082 4478 1193 4554 mise·
1245 4478 1481 4553 ubertatem:
1505 4472 1644 4572 quibus
1667 4477 1927 4576 temporaliter
1949 4503 2043 4554 enu-

392 4501 434 4668 Ι
462 4586 602 4678 ricors,
625 4587 738 4661 beata
758 4583 875 4683 Virgo
891 4585 1033 4678 Maria,
1055 4586 1192 4684 &ejus
1246 4583 1336 4677 triti,
1358 4581 1408 4656 ad
1429 4587 1572 4655 aeterna
1595 4582 1699 4657 bona
1717 4583 1953 4682 capessenda
1973 4584 2046 4684 spi·

392 4692 584 4792 milragiis
604 4691 798 4786 concede;
815 4707 859 4767 ut
873 4689 1095 4791 aspersione
1109 4701 1193 4768 san·
1247 4687 1445 4764 ritualibus
1468 4685 1711 4762 incrementis
1734 4690 1949 4787 proficiant.
1972 4693 2046 4766 Per

391 4797 517 4896 guinis
554 4797 707 4892 Christi,
739 4797 870 4875 anima
891 4796 1027 4873 famuli
1055 4797 1172 4882 tutu
1248 4792 1461 4872 Dominum
1487 4807 1662 4868 nostrum
1687 4795 1820 4870 Jesum
1849 4796 2043 4874 Christum

392 4907 469 5001 (vel
486 4905 646 4981 famulae
663 4920 738 4980 tuae
754 4907 820 5004 Ν.)
836 4906 886 4981 ab
904 4903 1087 4981 omnibus
1102 4931 1192 5006 pec·
1249 4899 1389 4981 lilium
1401 4915 1524 4976 tuum.
