5325 7200
485 522 539 603 20
1247 526 1502 619 serarum.

541 708 654 763 FERIA
673 710 724 764 VI.
744 708 835 790 POST
853 708 934 764 OGT·
957 707 1064 773 CORP·
1085 707 1246 763 CHRISTI·
1450 700 1578 801 Temp.
1594 699 1732 777 Pasch.
1751 700 1941 780 omittitur
1954 698 2155 799 Graduale,
2171 706 2214 779 ct
2233 703 2319 803 ejus

516 888 521 897 ·
562 840 772 960 rnsrm‘r
791 873 853 955 ss
874 814 1058 955 ooanrs
1080 873 1217 955 raso.
1396 796 2315 1007 ¹⁰⁰}’Jiiiirlii‘1‘iileiiiag’aaiiedddsmrr2vrgo

485 996 615 1120 Missa
631 1018 940 1137 Egfflminifflt
959 1042 998 1120 in
1013 1041 1127 1122 addit·
1147 1065 1216 1145 pm
1233 1040 1338 1145 qu·
1394 1006 1533 1128 Deum,
1568 1008 1829 1130 etnhominem
1859 1011 2010 1143 genuit:
2029 1035 2170 1129 'meam
2201 1011 2310 1131 Deus

431 1144 553 1237 Locis,
577 1138 644 1218 fol.
680 1137 767 1220 103.
1394 1110 1577 1322 fflidiif
1613 1140 1654 1195 111
1684 1140 1724 1193 99
1756 1116 1999 1195 reconcrhans
2027 1140 2104 1193 rma
2135 1140 2309 1195 summus.

516 1438 520 1453 ·
686 1400 1092 1505 1991111111
1287 1510 1290 1515 ,
1394 1325 2311 1639 pigidiisdlediii’diiaddiltdi

836 1617 938 1673 n1s1.
1564 1598 1573 1616 '
1839 1590 1843 1597 ‘

461 1754 505 1831 a.
538 1752 729 1833 musra
760 1752 991 1833 vmomrs
1022 1751 1091 1831 nn
1118 1752 1316 1831 sacrm
1393 1728 1466 1869 >14
1481 1695 1698 1882 &iffi
1715 1694 1836 1776 &¹¹⁰5
1874 1696 2307 1891 Evffig⁶¹ifiuff⁰if¹d⁰m

537 1922 731 2003 1111011115·
1041 1924 1141 2003 psal·
1163 1926 1230 2003 44·
1478 1957 1544 2037 illo
1561 1962 1747 2066 tempore:
1773 1962 1912 2041 Missus
1942 1966 2002 2041 est
2033 1961 2205 2065 Angelus
2226 1960 2306 2040 Gd-

541 2090 643 2144 crum
668 2071 775 2145 tuum
802 2066 1099 2171 deprecabrintur
1126 2090 1254 2144 omnes
1286 2066 1343 2141 di·
1401 1981 1527 2160 lirici
1544 2087 1568 2143 a
1585 2066 1664 2144 Deo
1678 2068 1719 2145 in
1736 2066 1932 2147 ciuitatem
1950 2068 2137 2165 Galilaeae,
2152 2067 2216 2145 cui
2237 2092 2304 2147 no·

252 2206 256 2217 ·
315 2208 354 2219 ·-
432 2090 611 2357 Viites
638 2172 772 2276 plebis:
808 2172 1039 2253 adducentur
1058 2172 1140 2275 regi
1174 2172 1343 2274 virgines
1393 2193 1481 2271 men
1512 2172 1717 2267 Nezareth,
1750 2172 1797 2251 ad
1818 2175 2008 2275 virginem
2038 2174 2305 2279 desponsatam

432 2277 1344 2464 111111111111111
1394 2276 2019 2465 111111111111
2040 2278 2306 2488 ‘baffi

1021 2444 1028 2461 .
1462 2439 1472 2475 ,
1858 2448 1867 2482 ,
2014 2447 2022 2464 .

482 2488 584 2570 Psal.
604 2488 691 2571 ibid.
718 2486 924 2569 Eructavit
946 2514 1009 2567 cor
1041 2512 1166 2569 meum
1185 2491 1343 2569 verbum
1393 2485 1563 2591 Angelus
1580 2489 1627 2568 ad
1645 2516 1743 2587 eam,
1756 2412 1883 2571 gdixit:
1906 2491 2300 2596 Ave,g1stiap1ena:

432 2598 591 2675 bonan:
612 2596 692 2675 dico
710 2596 825 2701 opera
842 2620 926 2675 mea
941 2596 1032 2698 regi.
1394 2594 1577 2673 Dominus
1599 2601 1737 2677 tecum
1773 2598 1975 2677 Benedicta
2000 2602 2043 2676 tu
2075 2598 2117 2675 in
2135 2597 2307 2677 mulieri·

484 2700 523 2797 1.
545 2701 680 2781 Gloria
699 2704 821 2781 Patri.
1392 2700 1470 2779 bus.
1491 2698 1586 2790 Quae
1602 2728 1688 2781 cum
1707 2702 1883 2796 audisset,
1907 2706 2061 2783 turbota
2085 2704 2210 2782 estin
2227 2730 2308 2783 ser·

807 2803 952 2888 Oratio.
1392 2808 1503 2884 mone
1528 2808 1628 2909 ejus,
1662 2814 1702 2888 91
1732 2810 1924 2911 cogitebat
1953 2809 2076 2913 qualis
2102 2815 2203 2888 esset
2232 2810 2309 2891 1919

503 2937 585 3010 nus,
607 2914 671 3015 qui
702 2913 866 2991 humano
898 2913 1026 3014 generi
1059 2914 1177 2991 beatae
1209 2910 1342 2991 Mariae
1392 2912 1585 2992 salutatio.
1608 2914 1661 2992 Et
1691 2916 1747 2995 ait
1764 2916 1933 3018 Angelus
1960 2917 2024 2994 ei:
2057 2916 2118 2993 Ne
2139 2920 2305 3013 timeas,

433 2925 724 3121 Dvirginitote
761 3018 932 3098 foeconda
966 3018 1213 3121 reparationis
1254 3024 1342 3120 gro·
1392 3018 1530 3110 Maria,
1551 3020 1730 3098 invenisti
1747 3023 1848 3100 enim
1861 3023 2026 3124 gretiam
2040 3020 2141 3125 apud
2158 3023 2304 3099 Deum:

429 3124 524 3203 tiam
542 3125 761 3203 contulisti:
791 3124 967 3221 concede;
1003 3128 1046 3201 ut
1079 3148 1190 3227 quam
1208 3126 1342 3225 grtbae
1391 3149 1475 3202 9999
1493 3127 1677 3229 concipies
1709 3128 1751 3205 in
1776 3132 1902 3218 itero,
1931 3132 1971 3205 91
1996 3128 2123 3231 peries
2150 3126 2306 3225 Filium,

429 3234 592 3309 matrem
623 3230 854 3336 appellemus
885 3230 926 3308 in
957 3230 1093 3326 terris,
1128 3232 1208 3333 ejus
1240 3230 1340 3311 felici
1391 3233 1430 3307 et
1451 3230 1601 3309 vocabis
1629 3257 1766 3311 nomen
1778 3234 1859 3335 ejus
1875 3234 2019 3311 Jesum.
2040 3233 2115 3311 Hic
2128 3233 2207 3312 erit
2223 3258 2307 3311 ma·

429 3336 616 3415 consortio
644 3337 861 3440 perenniter
886 3334 1127 3440 perfruemur
1153 3337 1193 3415 in
1222 3338 1338 3417 coelis.
1391 3360 1502 3437 gnus,
1532 3342 1571 3413 91
1597 3338 1721 3417 Filius
1743 3338 1930 3417 Altissimi
1955 3338 2171 3419 vocabitur:
2187 3341 2307 3417 etde·

429 3444 506 3521 Per
525 3442 740 3521 Dominum.
1389 3442 1445 3520 bit
1472 3442 1529 3519 illi
1556 3443 1740 3523 Dominus
1761 3446 1862 3523 Deus
1889 3443 2012 3523 sedem
2031 3443 2158 3523 David
2184 3446 2307 3551 patris

480 3548 610 3628 Lectio
636 3548 724 3628 libri
738 3548 950 3653 Sapientiae.
1095 3542 1195 3629 11991.
1211 3546 1279 3628 24.
1390 3549 1483 3650 ejus,
1512 3551 1551 3627 91
1577 3550 1749 3652 regnobit
1779 3551 1819 3629 in
1844 3550 1953 3630 domo
1981 3550 2098 3630 Jacob
2125 3550 2168 3629 in
2197 3554 2306 3630 aeter·

488 3679 536 3733 co
571 3656 678 3758 qussi
718 3655 809 3734 vitis
851 3653 1076 3735 fructificavi
1111 3655 1341 3734 suavitatem
1389 3679 1506 3751 num,
1536 3660 1575 3734 et
1602 3658 1710 3760 regni
1738 3657 1820 3760 ejus
1853 3657 2030 3736 nouerit
2060 3657 2165 3736 finis.
2195 3657 2306 3736 Dixit

488 3761 630 3840 odoris:
658 3763 696 3838 et
714 3760 824 3840 flores
846 3764 921 3840 mei
953 3761 1097 3838 fructus
1129 3760 1282 3839 honoris
1301 3767 1340 3840 91
1390 3766 1516 3840 autem
1544 3761 1670 3841 Maria
1695 3764 1743 3842 ad
1770 3764 1985 3866 Angelum:
2017 3761 2215 3852 Quomodo
2239 3762 2307 3840 fiet

429 3867 650 3946 honestetis.
673 3867 757 3970 Ego
774 3871 895 3946 mater
917 3865 1084 3971 polchrae
1106 3865 1335 3960 dilectionis,
1390 3867 1516 3963 istud,
1544 3869 1720 3972 quoniam
1748 3869 1873 3947 virum
1904 3893 1980 3946 non
2007 3870 2226 3971 cognosco?
2251 3867 2305 3946 Et

429 3979 468 4052 et
493 3973 652 4069 timoris,
685 3979 723 4052 91
749 3973 968 4076 agnitionis,
1003 3974 1042 4050 91
1071 3976 1211 4050 sanctae
1242 3973 1333 4077 spei.
1389 3973 1615 4078 respondens
1642 3973 1826 4076 Angelus,
1841 3975 1940 4052 dixit
1951 3974 1988 4052 91
2005 3999 2015 4050 :
2031 3974 2198 4078 Spiritus
2218 3999 2305 4052 san·

428 4079 474 4158 In
502 4103 562 4158 me
593 4081 718 4182 gratia
748 4079 870 4158 omnis
896 4080 971 4156 viae
1003 4081 1042 4156 91
1073 4077 1265 4174 veritatis,
1297 4079 1338 4157 in
1389 4083 1472 4157 ctus
1492 4080 1732 4184 superveniet
1758 4080 1799 4158 in
1825 4085 1877 4178 te,
1893 4086 1933 4158 et
1959 4081 2084 4158 virtus
2112 4081 2302 4158 Altissimi

429 4210 489 4263 me
521 4187 642 4264 omnis
669 4213 753 4290 spes
775 4186 867 4265 11199
894 4189 933 4265 91
963 4183 1132 4262 11111119.
1165 4184 1339 4264 Transito
1389 4186 1624 4264 obumbrabit
1650 4187 1730 4265 tibi.
1759 4186 1919 4288 Ideoque
1935 4190 1975 4263 91
2000 4187 2100 4288 quod
2126 4190 2303 4266 nascetur

428 4292 474 4371 ad
502 4317 562 4370 me
581 4317 710 4372 omnes
741 4293 806 4396 qui
837 4291 1098 4396 concupiscitis
1130 4315 1216 4376 me,
1244 4294 1283 4368 et
1314 4315 1339 4370 a
1388 4316 1437 4368 ex
1463 4296 1502 4369 19
1529 4291 1737 4384 Sanctum,
1766 4293 1962 4371 vocobitur
1988 4291 2110 4371 Filius
2137 4293 2221 4370 Dei.
2250 4291 2301 4369 Et

429 4400 731 4501 generationibus
772 4399 865 4478 meis
906 4396 1142 4502 implemini:
1183 4395 1338 4500 spiritus
1387 4422 1473 4476 ecee
1499 4396 1694 4476 Elisabeth
1720 4403 1883 4500 cognata
1908 4403 2003 4494 tua,
2037 4403 2078 4476 91
2104 4399 2189 4502 ipsa
2213 4421 2299 4476 con·

427 4505 529 4584 enim
547 4531 650 4583 meus
678 4530 790 4610 super
807 4505 882 4584 mel
912 4503 1047 4598 dulcis,
1075 4507 1114 4581 91
1139 4501 1339 4582 haereditas
1388 4503 1487 4605 cepit
1514 4502 1635 4581 filium
1652 4505 1693 4582 in
1711 4507 1900 4583 senectote
1919 4528 2002 4596 sua,
2023 4509 2062 4582 91
2080 4503 2145 4582 hic
2162 4503 2299 4582 mensis

427 4635 513 4690 mea
543 4637 655 4715 super
690 4611 764 4690 mel
791 4615 830 4690 91
861 4610 1003 4690 favum.
1039 4609 1224 4687 Memoria
1254 4633 1340 4687 mea
1388 4613 1518 4686 sextus
1546 4614 1604 4687 est
1630 4610 1701 4703 1111,
1731 4635 1816 4712 quae
1847 4613 2017 4688 vocetur·
2034 4610 2193 4687 sterilis:
2214 4608 2299 4711 quia

428 4717 468 4796 in
487 4717 746 4820 generationes
768 4717 1002 4796 saeculorum.
1031 4713 1105 4805 Qui
1122 4715 1238 4793 edunt
1263 4739 1336 4811 me,
1388 4715 1557 4793 nouerit
1581 4716 1810 4821 impossibile
1825 4715 1923 4818 apud
1941 4715 2061 4794 Deum
2080 4741 2194 4793 omne
2212 4739 2298 4792 191·

427 4822 549 4902 adhuc
580 4823 771 4904 esdrient:
806 4829 846 4902 91
872 4823 936 4927 qui
966 4823 1098 4902 bibunt
1127 4845 1197 4916 me,
1218 4819 1338 4900 adhuc
1388 4822 1487 4899 bum.
1521 4821 1629 4900 Dixit
1669 4827 1795 4900 autem
1836 4821 1986 4900 Maria:
2022 4821 2124 4900 Ecce
2163 4819 2298 4900 ancilla

427 4929 567 5008 sitient.
588 4929 663 5018 oui
680 4929 785 5010 ondit
811 4955 884 5026 me,
906 4946 982 5007 non
1010 4925 1275 5006 confundetur:
1298 4933 1338 5005 et
1387 4927 1552 5025 Domini,
1573 4927 1642 5006 fiat
1659 4927 1753 5006 mihi
1771 4925 1973 5006 secondum
1999 4929 2158 5006 verbum
2175 4933 2291 5006 tuum.

427 5035 491 5138 qui
509 5039 713 5140 operantur
744 5036 784 5113 in
801 5061 879 5130 me,
915 5055 990 5112 non
1021 5034 1237 5137 peccabunt.
1261 5029 1336 5120 Qui
1388 5029 1524 5111 Credo.

426 5141 614 5222 elocidant
632 5165 705 5234 me,
727 5141 847 5219 vitam
860 5143 1042 5218 aeternam
1055 5137 1256 5218 habebunt.
1441 5137 1697 5228 Offertorium.
1727 5142 1876 5224 Luci.
1920 5147 2010 5234 Ave,
2037 5138 2180 5232 Maris,
2214 5139 2299 5240 gni·

479 5237 677 5322 Graduale.
711 5237 917 5326 Benedicta
947 5249 986 5324 et
1017 5245 1333 5338 1999111111999,
1386 5245 1443 5322 tia
1473 5245 1601 5348 plena,
1629 5243 1811 5322 Dominus
1838 5251 1989 5323 tecum:
2024 5244 2231 5324 Benedicta
2256 5249 2295 5320 tu

426 5355 548 5460 Virgo
567 5353 703 5432 Maria:
736 5379 819 5456 quae
851 5353 932 5430 sine
958 5355 1063 5430 tactu
1093 5351 1246 5455 pudoris
1278 5353 1337 5430 in·
1386 5351 1428 5428 in
1459 5350 1698 5443 mulieribus,
1727 5355 1766 5429 et
1797 5350 2009 5430 benedictus
2035 5349 2182 5430 fructus
2209 5375 2298 5428 ren·

427 5463 541 5539 venta
559 5487 598 5539 es
617 5465 740 5539 mater
757 5458 979 5538 Salvatoris.
1387 5456 1458 5535 tris
1480 5456 1549 5535 tui.

476 5557 518 5654 il.
551 5569 668 5669 Virgo
690 5565 760 5644 Dei
787 5563 979 5662 Genitrix,
1000 5587 1110 5666 quem
1133 5566 1235 5640 totus
1262 5587 1338 5641 non
1758 5565 1920 5648 Secmta.

1467 5780 1476 5802 Ι

1462 5802 1510 5854 1ae
1555 5799 1700 5879 semper
1744 5775 1906 5877 virginis
1944 5775 2212 5856 intercessione
2249 5769 2295 5852 sd

426 5669 527 5775 capit
544 5673 658 5766 orbis,
680 5673 721 5750 in
738 5681 805 5752 tua
823 5697 862 5750 se
887 5671 1024 5751 clousit
1042 5671 1188 5748 viscera
1214 5668 1336 5748 factus
1386 5679 1506 5865 (lau,
1523 5671 1697 5762 Domine,
1717 5669 2000 5774 propitiatione,
2021 5676 2061 5748 et
2078 5671 2203 5748 beata
2221 5665 2297 5744 Mu·

1440 5802 1463 5854 r

425 5775 553 5856 homo.
576 5777 753 5886 Alleloja,
770 5777 935 5880 alleloja.

473 5875 519 5972 a.
542 5883 637 5962 Post
650 5889 816 5987 partum,
830 5885 966 5986 Virgo,
981 5880 1339 5987 inviolotaperman·
1387 5886 1607 5986 perpetuam
1646 5885 1757 5984 atque
1789 5883 2010 5985 praesentem
2041 5881 2125 5960 haec
2159 5877 2294 5960 9111119

425 5992 533 6070 sisti:
569 5989 639 6068 Dei
671 5989 861 6088 Genitrix,
892 5987 1078 6069 intercede
1114 6013 1182 6092 pro
1214 5987 1335 6068 nobis.
1388 5989 1495 6068 nobis
1530 5987 1706 6092 proficiat
1735 5987 2050 6094 prosperitotem,
2080 5992 2121 6068 91
2151 6007 2289 6092 paoem

355 6171 360 6178 .
423 6095 601 6201 Alleloja.
1388 6095 1465 6174 Per
1482 6095 1695 6176 Dominum.
