5325 7200
1012 1150 1084 1225 bus
1099 1160 1209 1241 ortu,
1229 1147 1333 1224 circs
1348 1147 1520 1224 modium
1538 1147 1663 1248 quarti
1700 1145 1969 1225 meditabitur.
1984 1147 2155 1226 Condida
2167 1147 2357 1242 moribus,

1010 1249 1163 1335 seculi,
1199 1273 1224 1322 a
1254 1247 1394 1323 toneris
1429 1249 1538 1322 annis
1566 1245 1663 1322 bene
1700 1248 1834 1324 hobitu
1872 1261 1912 1324 et
1953 1251 2129 1325 sermone
2166 1249 2357 1349 simplex,
2416 1251 2417 1280 ¹

1013 1350 1134 1423 multa
1157 1347 1297 1422 futore
1325 1347 1538 1422 sanctitotis
1562 1345 1664 1422 indi·
1700 1348 1816 1424 corde·
1831 1347 1994 1428 homilis.
2017 1349 2146 1424 onimo
2160 1363 2357 1442 constans,

1011 1449 1073 1522 cia
1127 1447 1276 1524 ucbuit.
1311 1445 1345 1520 A
1386 1461 1493 1548 patre
1527 1446 1664 1522 Boccio
1695 1449 1875 1548 jejoniis,
1903 1447 2164 1540 orationibus,
2198 1449 2359 1546 aliisque
2417 1477 2418 1490 ¹

1013 1549 1066 1624 Ca
1118 1547 1264 1622 ounum
1280 1547 1414 1638 missa,
1428 1545 1542 1644 hujus
1560 1544 1666 1620 urbis
1702 1548 1771 1648 piis
1787 1547 2118 1624 exercitationibus
2147 1548 2355 1638 indelessa,

1010 1645 1248 1724 sanctissimo
1272 1645 1426 1722 l’raesuli
1453 1643 1665 1722 crudionda
1702 1647 1768 1720 diu
1780 1647 1971 1747 noctoque
1988 1647 2160 1722 vacobat.
2180 1647 2358 1722 Tandem
2418 1688 2419 1748 ,

1015 1745 1192 1822 troditur.
1210 1745 1298 1820 Non
1319 1745 1441 1820 multo
1464 1757 1574 1844 post,
1608 1743 1666 1817 di·
1704 1749 1853 1822 muttire
1869 1747 1977 1836 coelo,
1994 1771 2039 1822 ac
2053 1747 2162 1821 bonis
2176 1745 2359 1846 oporibus
2418 1779 2419 1788 ¹

1012 1846 1111 1921 vinis
1134 1843 1348 1920 christionae
1380 1843 1572 1946 religionis
1597 1843 1670 1918 im·
1702 1845 1831 1938 dives,
1868 1845 2014 1946 plocide
2048 1846 2287 1921 obdormivit
2322 1848 2359 1920 in

1013 1945 1106 2020 bota
1124 1941 1332 2044 praece'ptis,
1352 1959 1392 2020 et
1409 1945 1523 2020 sacris
1537 1942 1668 2016 ablotn
1704 1947 1894 2038 Domino,
1914 1959 1954 2020 ut
1982 1971 2028 2020 ue
2059 1947 2098 2020 in
2125 1946 2358 2020 Fontaniaco

1013 2043 1200 2132 lontibus,
1217 2044 1415 2144 patrimum
1434 2039 1571 2143 re'petit
1595 2042 1669 2116 do-
1706 2045 1863 2122 eccle'sia
1879 1971 2026 2145 septilte
2042 2046 2131 2120 luit.
2155 2045 2250 2119 lnde
2282 2046 2359 2142 ejus

1013 2143 1227 2218 mumMox
1239 2141 1666 2234 Cotalounumrevorsa,
1706 2145 1871 2246 reliquiae
1909 2167 1933 2218 a
1970 2144 2148 2219 Brunone
2187 2145 2357 2218 Tullonsi

1015 2241 1220 2316 abeodem
1245 2240 1423 2316 Antistite
1445 2241 1559 2316 sacris
1580 2242 1666 2318 Vir·
1706 2245 1904 2345 Episcopo,
1937 2244 2002 2344 qui
2029 2245 2157 2344 postea
2186 2269 2359 2318 summus

1014 2339 1166 2440 ginibus
1199 2336 1447 2416 custodionda
1489 2338 1666 2416 troditur.
1705 2345 1896 2436 Pontilex,
1916 2344 1987 2418 sub
2005 2345 2138 2418 Leonis
2162 2345 2265 2418 Noni
2294 2345 2360 2416 no-

1014 2441 1083 2514 l‘ia
1113 2439 1266 2515 illorum
1293 2439 1473 2516 exercitia
1500 2451 1579 2512 tam
1608 2441 1670 2540 ju·
1707 2444 1823 2536 mine,
1856 2444 2005 2518 creotus
2032 2457 2101 2536 est,
2128 2443 2292 2532 edoctae‚
2322 2443 2359 2516 in

1014 2537 1139 2614 conde
1155 2540 1190 2614 ei
1208 2539 1420 2639 sopiobant,
1437 2537 1570 2636 utjam
1589 2553 1671 2614 tum
1706 2541 1945 2618 Abbatiolem
2000 2543 2284 2618 Portus-Suovis
2324 2555 2360 2616 et

1015 2637 1272 2740 virginitotem
1295 2663 1403 2712 suam
1432 2640 1511 2712 Deo
1545 2635 1669 2714 devo·
1707 2639 2026 2716 nobilissimorum
2081 2643 2358 2716 canonicorum

1015 2735 1103 2812 vore
1117 2737 1304 2814 stotoerit.
1708 2741 1920 2832 ecclosiam,
1939 2765 2040 2815 anno
2058 2742 2243 2841 reporotre
2262 2739 2359 2814 salo-

1245 2831 1371 2905 Lectio
1393 2853 1427 2900 V·
1642 2925 1643 2930 ,
1709 2843 1756 2916 tis
1772 2841 1972 2916 millosimo
2002 2841 2193 2940 trigosimo
2217 2841 2357 2928 tortio,

1064 2961 1197 3012 meust
1225 2959 1249 3011 a
1280 2934 1498 3035 parontibus
1530 2936 1571 3010 in
1630 2935 1673 3010 si·
1709 2939 1896 3016 translotm
1913 2953 2013 3014 sunt.

1016 2944 1055 3112 Ι
1082 3037 1195 3110 triam
1211 3034 1350 3110 iterum
1370 3036 1581 3110 revocotuu
1601 2961 1672 3134 ipsi
1753 3027 1793 3102 ln
1813 3029 1869 3124 iij.
1889 3025 1998 3139 Nost.
2018 3023 2130 3098 Hom.
2153 3027 2190 3098 in
2210 3025 2351 3122 Evang.

1016 3161 1040 3209 a
1052 3149 1183 3210 sancto
1199 3134 1356 3210 consilio
1371 3134 1538 3234 pusillam
1553 3133 1672 3208 dimo·
1701 3131 1835 3212 Simile
1852 3137 1938 3232 erit,
1958 3151 1990 3222 J·
2007 3123 2105 3200 l⁰0⁰·

1018 3233 1104 3310 vore
1121 3233 1289 3335 quotidie
1307 3247 1458 3308 tentant
1480 3261 1488 3306 :
1509 3232 1574 3308 sed
1591 3233 1673 3308 ior·
1751 3225 1863 3325 Vesp.
1883 3223 1931 3300 de
1952 3247 2047 3326 seq„
2068 3247 2165 3298 com.
2189 3221 2349 3322 praecerl.

1018 3335 1066 3408 tis
1083 3347 1124 3408 et
1140 3333 1319 3434 propositi
1341 3346 1473 3420 tenax,
1495 3357 1564 3408 nec
1591 3333 1673 3431 pro·
1808 3337 1886 3410 llll}
1920 3335 1983 3414 Vl.
2011 3335 2259 3412 OC'l'OBRlS.

1017 3432 1122 3508 cibus
1140 3433 1256 3521 flecti,
1271 3457 1344 3507 nec
1361 3433 1444 3532 capi
1463 3431 1669 3518 blanditiis,
1825 3428 1862 3499 S.
1883 3425 2095 3515 Brunonis,
2117 3421 2228 3496 Gonl.

1019 3557 1090 3609 nec
1106 3533 1220 3607 minis
1233 3531 1364 3607 terre'ri
1379 3545 1515 3631 potest.
1530 3533 1673 3631 Sponsa
1948 3521 2107 3623 Duplex·

1018 3632 1156 3707 Christi
1173 3632 1433 3731 incorroptsm
1452 3634 1485 3705 ci
1512 3632 1674 3705 servivit
1753 3626 1795 3697 ln
1830 3626 1870 3721 ij.
1905 3623 2019 3721 vesp.
2055 3646 2156 3695 com.
2188 3644 2286 3719 seq.,
2316 3622 2348 3691 S.

1018 3730 1455 3831 fidem,constantorque
1472 3730 1672 3805 mortolem
1705 3724 1836 3815 lllnrci,
1864 3724 1972 3821 Papae
1989 3722 2115 3815 Confi,
2145 3722 2207 3795 SS.
2237 3722 2351 3817 Sergii

1019 3831 1164 3953 rospuit
1177 3854 1386 3930 sponsum,
1416 3843 1459 3904 ut
1476 3830 1674 3903 sortire'tur
1702 3822 1855 3914 Bacchi,
1876 3835 1914 3896 et
1930 3824 2016 3896 Soc.
2036 3822 2147 3895 Mart.

1018 3944 1217 4005 eternum.
1261 3922 1503 4004 Declinondae
1545 3942 1672 4003 autem
1809 3933 1890 4006 Dlll
1915 3928 1992 4007 Vll.
2014 3926 2261 4002 oc‘rossntS.

1016 4054 1129 4105 causa
1138 4028 1676 4201 hujuscomodipersccutionis
1752 4022 1792 4093 S·
1810 4018 1990 4111 Libariae,
2010 4020 2116 4121 Virg.
2133 4033 2172 4094 et
2189 4020 2300 4095 Mart.

1017 4142 1058 4204 et
1076 4132 1155 4205 Deo
1174 4128 1362 4203 serviondi
1388 4128 1412 4201 li
1443 4129 1563 4219 orius,
1584 4152 1672 4201 cum
1839 4120 1999 4194 Semid.
2028 4118 2076 4192 ad
2103 4119 2201 4194 libit.

1018 4227 1106 4303 fidis
1131 4226 1320 4303 ancillulis
1337 4252 1358 4301 e
1376 4228 1535 4326 putorna
1557 4226 1672 4301 domo
1753 4218 1889 4293 Omnia
1901 4219 1949 4293 de
1964 4220 2111 4293 Comm.
2127 4232 2263 4319 praeter
2277 4240 2349 4315 seq.

1017 4352 1098 4403 sese
1114 4327 1341 4427 subripiens,
1357 4327 1406 4400 ed
1426 4326 1674 4401 Catalaunon·
1753 4316 2199 4431 Oratio.Deus,quiinter
2213 4338 2354 4402 caelert.

1017 4425 1327 4501 semontistitem
1342 4427 1415 4501 iter
1430 4426 1605 4517 instituit,
1624 4424 1673 4499 ad
1757 4418 1798 4491 ln
1816 4421 1849 4516 j.
1877 4419 2070 4493 Nocturno
2095 4420 2293 4493 Lectiones
2312 4416 2351 4489 dc

1017 4527 1125 4627 cujus
1141 4525 1255 4626 pedes
1271 4524 1429 4624 supplex
1447 4523 1672 4625 procidens,
1706 4519 1903 4617 Scriptura
1920 4532 2156 4593 occurrente.

1017 4638 1062 4701 ut
1083 4624 1185 4748 quod
1206 4650 1284 4726 proe
1309 4622 1488 4700 monibus
1517 4624 1675 4725 gerobat
1800 4620 1840 4693 ln
1861 4618 2027 4693 secundo
2048 4620 2259 4693 Nocturno.

1016 4724 1230 4827 virgineum
1251 4722 1438 4813 velomen,
1463 4724 1579 4821 copiti
1607 4750 1674 4799 suo
1923 4720 2050 4827 Lectio
2068 4720 2115 4793 iv.

1016 4824 1297 4925 imponere'tur,
1313 4823 1444 4907 enixe,
1465 4824 1594 4899 efflisis
1612 4818 1670 4897 lo·
1711 4837 1915 5004 Tmmonn
1935 4812 1956 4885 J
1962 4809 2077 4889 ultorti
2102 4820 2354 4918 imperatoris,

1018 4922 1506 5025 crymiseillsgitobotNoti
1522 4948 1676 5023 compos
1801 4920 2011 4995 ilorue'runt
2039 4920 2078 4993 in
2120 4920 2356 5023 Lotharingia

1018 5024 1133 5116 foetu,
1152 5024 1294 5098 mirum
1310 5036 1496 5121 quantum
1516 5024 1557 5097 in
1571 5024 1675 5097 omni
1712 5020 1951 5095 nobilissime
1963 5018 2357 5121 sanctissimusquetres

1019 5122 1201 5199 virtotum
1217 5122 1357 5225 gonere
1374 5123 1565 5197 onirocrit.
1712 5120 1873 5211 sorores,
1893 5116 2063 5209 Liboria,
2084 5120 2223 5195 Menon
2241 5136 2280 5197 et
2295 5122 2357 5193 Su·

1246 5217 1374 5293 Lectio
1394 5218 1442 5315 vj.
1712 5220 1855 5311 sonna3
1891 5242 1975 5317 quae
2006 5216 2162 5319 quidem
2205 5244 2251 5295 ex
2292 5219 2357 5293 hoc

1023 5324 1093 5499 In
1126 5320 1331 5423 prediolo,
1365 5322 1468 5424 quod
1510 5346 1533 5396 a
1570 5334 1676 5422 patre
1712 5314 2356 5420 plorimumcommendonturnpud

1086 5420 1317 5513 obtinticrut,
1337 5448 1414 5497 uun
1431 5448 1518 5497 cum
1538 5421 1676 5497 ancilla
1711 5442 1856 5508 omnes,
1873 5416 1974 5517 quod
1990 5442 2013 5493 a
2030 5418 2154 5519 prima
2169 5418 2357 5495 euterio

1020 5520 1357 5599 obscoromvitsm
1375 5522 1528 5625 degens,
1546 5548 1593 5597 ne
1620 5520 1676 5595 lo·
1712 5518 1910 5621 ginitotcm
1936 5542 2043 5593 suem
2069 5516 2218 5594 Christo
2248 5516 2355 5593 devo-

1021 5624 1094 5698 ctis
1124 5620 1284 5699 terronis
1313 5622 1478 5722 opibus,
1511 5622 1675 5698 coelestia
1711 5618 1854 5713 verint,
1891 5618 2105 5719 magnoque
2138 5618 2287 5720 pietotis
2317 5640 2355 5691 oc

1014 1011 1064 1082 22
1373 993 1438 1068 Die
1456 991 1520 1092 vij.
1540 985 1726 1066 Octobris.
1746 987 1786 1067 S.
1800 984 1971 1064 Libariae.
