5325 7200
604 841 641 896 12
1299 805 1371 882 Die
1387 805 1466 904 viij.
1486 805 1612 882 lunii.

603 969 783 1054 salutem,
835 961 1051 1040 dicentis.
1043 989 1051 1006 ·
1097 957 1207 1052 Sion,
1253 957 1429 1059 regnabit

607 1077 714 1149 Deus
742 1088 848 1148 tuus.
880 1066 1027 1146 Psalnr
1054 1067 1114 1160 ob
1150 1067 1349 1144 Dominus
1371 1091 1427 1141 re

601 1180 746 1278 gnavit,
774 1180 916 1254 exultet
934 1195 1065 1254 terra:
1087 1178 1264 1252 laetentur
1291 1173 1429 1249 insulae

603 1287 750 1365 multae.
775 1279 817 1364 ll.
835 1285 969 1364 Gloria
989 1283 1110 1361 Patri.

938 1386 1089 1462 Oratio.

691 1517 800 1585 ιῑυε,
834 1495 903 1596 qui
932 1499 1044 1574 beato
1072 1500 1248 1585 Lazaro,
1282 1493 1428 1584 Christi

607 1517 685 1686 D
723 1605 932 1703 discipulo
972 1606 1129 1680 beatum
1163 1575 1429 1680 Maximinum

602 1710 967 1810 condiscipulum(
959 1736 999 1786 ιιι
1018 1710 1221 1808 evangelio
1244 1733 1429 1809 coopera-

603 1824 727 1896 torem
743 1818 1022 1894 fidelissimum
1039 1817 1251 1916 adjunxisti
1271 1845 1278 1893 :
1296 1817 1348 1892 da
1365 1841 1430 1890 no·

603 1924 665 1999 bis
682 1924 844 2001 famulis
870 1923 963 2012 tuis,
979 1949 1025 1999 ea
1049 1948 1139 2024 quae
1157 1923 1292 2000 docuit
1310 1923 1429 1999 corde

602 2032 759 2108 credere
777 2029 828 2106 ad
847 2031 1048 2128 justitiam,
1064 2055 1132 2106 ore
1149 2047 1281 2106 autem
1297 2031 1348 2106 ad
1370 2055 1428 2106 sa·

604 2139 724 2214 linem
744 2137 935 2214 confiteri.
960 2140 1036 2212 Per
1053 2137 1253 2212 eumdem.

607 2243 742 2320 Lectio
772 2246 957 2342 Epistolae
989 2241 1089 2318 beriti
1114 2242 1224 2320 Pauli
1252 2243 1429 2344 Apdstoli

734 2352 801 2440 ,ad
833 2353 1035 2428 Hebraeos.
1070 2346 1195 2425 Hebr.
1226 2365 1278 2422 10.

670 2476 827 2536 111115
853 2489 861 2536 :
897 2455 1041 2533 Omnis
1075 2457 1258 2533 sacirdos
1290 2473 1431 2556 praesto

604 2479 664 2649 F-
698 2583 754 2642 est
787 2564 965 2667 quotidie
1001 2563 1243 2652 ministrans,
1277 2584 1314 2640 et
1346 2570 1427 2641 eas·

604 2669 695 2747 dem
747 2698 848 2775 saepe
896 2667 1069 2747 offerens
1116 2671 1293 2760 hdstias,
1342 2695 1430 2771 quae

605 2801 809 2880 nunquam
846 2795 1012 2881 possunt
1047 2779 1199 2854 auferre
1232 2785 1426 2878 peccata:

607 2883 670 2962 bic
699 2903 831 2964 autem
872 2909 995 2963 unam
1033 2910 1105 2985 pro
1137 2885 1306 2984 peccatis
1336 2885 1430 2962 dffe-

606 3017 695 3067 rens
719 2994 904 3075 hostiam.
936 2991 975 3067 in
1009 2991 1295 3090 sempiternum
1324 2992 1430 3068 sedet

604 3097 645 3173 in
675 3099 833 3179 dextera
865 3099 951 3188 Dei,
973 3099 1022 3173 de
1053 3116 1191 3175 caetero
1222 3104 1430 3198 expectans

603 3204 728 3282 donec
757 3212 955 3305 ponantur
981 3204 1133 3280 inimici
1163 3208 1249 3304 ejus
1281 3207 1430 3282 scabel-

604 3313 687 3387 lum
710 3313 858 3412 pedum
882 3317 979 3413 ejus.
1011 3313 1102 3389 Una
1130 3312 1237 3387 enirn
1266 3312 1430 3388 oblatio·

605 3443 680 3508 ne,
726 3417 1021 3496 consummavit
1063 3418 1103 3494 in
1146 3419 1431 3519 sempiternum

604 3523 879 3603 sanctificatos.
915 3527 1166 3603 Contestatur
1198 3542 1331 3604 autem
1359 3552 1431 3603 nos

602 3650 640 3707 et
672 3633 842 3733 Spiritus
872 3650 1044 3709 sanctus.
1077 3636 1293 3733 Postquam
1322 3634 1430 3711 enirn

602 3739 698 3815 dixit
720 3769 728 3816 :
754 3744 843 3819 Hoc
861 3757 994 3817 autem
1011 3747 1304 3829 testamentum,
1321 3742 1430 3842 quod

601 3848 773 3923 testabor
797 3846 854 3923 'ad
885 3846 973 3924 illos
996 3862 1084 3947 post
1113 3846 1198 3922 dies
1231 3848 1340 3939 illos,
1372 3848 1431 3925 di·

600 3953 652 4030 cit
698 3954 898 4031 Dominus
937 3984 945 4030 :
986 3952 1130 4029 Dando
1172 3956 1277 4053 leges
1321 3980 1431 4033 meas

602 4060 644 4137 in
673 4061 864 4139 cordibus
895 4066 1051 4149 eorum,
1084 4076 1121 4137 et
1152 4060 1192 4137 in
1229 4063 1432 4141 mentibus

603 4171 1061 4268 eorum-superscribam
1093 4192 1196 4243 eas:
1230 4186 1267 4246 et
1294 4195 1431 4270 pecca·

602 4279 751 4363 torum,
771 4291 808 4351 et
827 4275 1081 4375 iniquitatum
1100 4279 1239 4351 eorum
1254 4280 1333 4377 jam
1351 4302 1430 4353 non

602 4382 843 4459 recordabor
876 4381 1063 4481 amplius.
1088 4381 1168 4458 Ubi
1196 4401 1329 4460 autem
1360 4387 1430 4460 ho·

602 4512 691 4565 rum
711 4488 891 4565 remissio
911 4517 918 4564 :
936 4491 1015 4588 jam
1031 4508 1111 4561 non
1125 4504 1181 4565 est
1194 4489 1343 4565 oblatio
1360 4516 1430 4591 pro

601 4602 774 4696 peccdro.

655 4701 863 4781 Graduale.
898 4701 1070 4789 Malach,
1107 4727 1142 4781 2.
1178 4704 1256 4779 Lex
1289 4703 1431 4781 verita·

602 4808 652 4886 tis
677 4809 751 4887 fuit
779 4809 819 4886 in
848 4834 916 4887 ore
947 4815 1045 4911 ejus,
1070 4828 1107 4889 et
1133 4810 1321 4912 iniquitas
1349 4836 1429 4887 non

601 4933 658 4993 est
682 4917 841 4994 inventa
863 4916 904 4993 in
935 4919 1050 4995 labiis
1080 4921 1179 5020 ejus.
1206 4914 1246 5001 ll.
1265 4922 1310 4996 ln
1335 4944 1429 5020 pace

600 5040 637 5098 et
655 5022 837 5123 equitate
853 5024 1087 5114 ambulavit,
1107 5042 1143 5101 et
1159 5027 1431 5103 11111011νέ1-

600 5130 645 5207 111
685 5134 736 5207 ab
777 5130 997 5231 iniquitate.

652 5236 833 5324 Alleluia,
855 5238 1075 5327 1111111111.
1112 5246 1196 5322 Act.
1233 5247 1285 5322 18.
1326 5240 1431 5317 Edd-

600 5362 687 5423 ctus
712 5343 820 5421 viam
843 5343 1021 5434 Domini,
1044 5344 1209 5423 docebat
1229 5347 1433 5447 diligenter

600 5479 647 5530 ea
670 5476 760 5555 quae
789 5467 879 5528 sunt
904 5454 1015 5529 lesu.
1042 5453 1223 5532 Alleluia.

596 5558 649 5665 1
675 5558 1043 5743 &bilbili
1060 5561 1260 5749 Eililll
1285 5570 1428 5641 ⁵⁰⁰⁰*

595 5792 661 5967 lu
693 5770 761 5849 illo
795 5779 1011 5873 tempore:
1046 5774 1273 5875 Designavit
1294 5776 1431 5854 Domi-

672 5902 749 5955 nus
785 5898 821 5958 et
857 5882 957 5959 tilios
1003 5888 1248 5983 septuaginta
1286 5884 1422 5975 duos,

1495 973 1531 1034 et
1552 955 1658 1034 misit
1679 957 1767 1034 illos
1788 957 1902 1034 binos
1921 973 2012 1036 ante
2032 957 2173 1036 taciem
2190 983 2307 1050 suam,

1495 1063 1535 1139 in
1569 1089 1730 1140 omnem
1766 1063 1965 1142 civitatem
2002 1081 2039 1141 et
2078 1067 2206 1146 locum
2238 1093 2310 1166 quo

1494 1189 1576 1248 erat
1616 1171 1699 1270 ipse
1740 1179 1945 1248 venturus.
1988 1175 2037 1250 Et
2082 1171 2231 1250 dicebat
2274 1175 2309 1248 il·

1496 1279 1586 1356 lis:
1624 1277 1767 1356 Messis
1798 1279 1962 1379 quidem
1997 1282 2158 1356 multa:
2184 1287 2310 1379 operi·

1496 1385 1542 1464 rii
1578 1403 1709 1462 autem
1740 1386 1870 1484 pauci.
1894 1391 2042 1509 Rpgdte
2070 1411 2161 1484 ergo
2188 1387 2312 1462 Domi·

1495 1519 1592 1578 num
1626 1493 1778 1580 messis,
1815 1511 1858 1570 ut
1891 1495 2018 1572 mittat
2050 1494 2283 1592 operarios
2277 1521 2309 1570 ιιι

1496 1624 1663 1676 messem
1699 1625 1826 1676 suam.
1866 1603 1952 1678 lte:
1986 1626 2075 1678 ecce
2110 1625 2178 1700 ego
2211 1601 2310 1678 mitto

1496 1733 1566 1782 vos
1605 1707 1704 1784 sicut
1740 1731 1863 1805 agnos
1900 1707 2000 1784 inter
2043 1711 2172 1807 lupos.
2209 1710 2310 1784 Noli·

1494 1829 1530 1890 te
1566 1819 1722 1911 postire
1761 1816 1978 1904 succulum,
2011 1839 2140 1914 neque
2170 1840 2307 1913 peram,

1496 1945 1622 2019 neque
1654 1920 1935 2009 calceamenta,
1960 1939 1998 1996 et
2026 1920 2225 1996 neminem
2250 1945 2310 2020 per

1493 2025 1600 2104 viam
1636 2025 1908 2102 salutaveritis.
1944 2029 1988 2104 ln
2023 2033 2307 2128 quamcirmque

1494 2133 1661 2210 domum
1715 2131 1980 2222 intraveritis,
2036 2134 2210 2233 primum
2259 2135 2309 2210 di·

1494 2240 1568 2316 cite
1607 2268 1615 2315 :
1657 2241 1738 2315 Pax
1778 2240 1870 2318 huic
1906 2241 2045 2318 domui
2084 2269 2092 2318 ι
2131 2257 2167 2316 et
2200 2239 2231 2316 si
2263 2239 2308 2316 ibi

1495 2345 1608 2424 luerit
1643 2343 1750 2424 lilius
1788 2345 1917 2446 pacis,
1953 2347 2170 2447 requiescet
2203 2373 2308 2448 super

1495 2457 1606 2534 illum
1652 2481 1727 2556 pax
1765 2475 1895 2536 vestra
1934 2486 1942 2533 :
1982 2457 2042 2534 sin
2084 2475 2230 2538 autern.
2265 2459 2305 2534 ad

1494 2591 1566 2642 vos
1596 2569 1821 2640 revertitur.
1854 2567 1899 2644 ln
1925 2566 2064 2643 eadem
2097 2581 2226 2640 autem
2249 2565 2308 2640 do·

1496 2697 1562 2748 mo
1590 2677 1757 2760 manete,
1783 2671 1941 2748 edentes
1966 2688 2003 2749 et
2031 2672 2207 2748 bibentes
2233 2697 2306 2770 qua

1494 2777 1600 2880 apud
1636 2776 1723 2854 illos
1763 2793 1855 2854 sunt
1894 2807 1902 2854 ε
1942 2779 2087 2878 dignus
2122 2793 2178 2854 est
2211 2777 2303 2854 enirn

1494 2885 1698 2984 operarius
1722 2885 1903 2964 mercede
1926 2911 2011 2964 sua.
2045 2887 2177 2962 Nolite
2201 2901 2304 2960 trans

1494 2997 1550 3070 ire
1570 2992 1619 3068 de
1645 2991 1767 3067 domo
1792 2990 1832 3068 in
1859 2992 2049 3082 domum;
2072 3007 2109 3068 et
2129 2993 2170 3068 in
2186 3015 2307 3092 quam·

1493 3106 1664 3200 cumque
1683 3098 1883 3178 civitatem
1900 3099 2151 3188 intraveritis,
2171 3115 2206 3174 et
2235 3124 2306 3174 sus·

1492 3207 1664 3306 ceperint
1694 3231 1795 3296 vos,
1828 3207 2064 3284 manducate
2091 3231 2179 3306 quae
2205 3229 2305 3304 appo

1495 3321 1643 3391 nrintur
1658 3312 1798 3392 vobis:
1820 3331 1856 3390 et
1874 3321 2009 3392 curate
2036 3313 2229 3402 infirmos,
2248 3309 2305 3410 qui

1495 3421 1536 3497 in
1555 3421 1620 3498 illa
1649 3437 1753 3510 sunt,
1775 3437 1811 3496 et
1836 3419 1952 3498 dicite
1980 3419 2057 3498 illis
2078 3449 2087 3496 :
2105 3419 2307 3520 Appropiu·

1495 3528 1634 3631 quavit
1652 3529 1693 3607 in
1712 3554 1784 3605 vos
1803 3553 1967 3629 regnum
1985 3526 2072 3607 Dei.

1548 3636 1814 3717 Offertorium.
1852 3636 1997 3736 Ephcs.
2033 3638 2068 3715 3.
2105 3635 2203 3713 Mihi
2230 3634 2305 3711 datr

1495 3762 1551 3823 est
1577 3744 1699 3844 gratia
1718 3744 1814 3832 baec,
1831 3744 2099 3844 evangelizare
2119 3741 2305 3839 investigi-

1495 3852 1594 3930 biles
1607 3850 1767 3929 divitias
1784 3852 1944 3931 Christi.

1827 3963 1994 4037 Secreta.

1558 4086 1719 4155 oscus,
1753 4064 1937 4155 Domine,
1973 4067 2212 4147 sacrificium
2238 4062 2305 4163 pla·

1497 4092 1737 4265 Scationis
1770 4190 1806 4249 et
1838 4174 1968 4253 laudis
1989 4204 1997 4253 :
2018 4176 2130 4277 quod
2154 4198 2234 4261 nos,
2259 4170 2305 4245 in-

1496 4282 1735 4361 terveniente
1777 4282 1890 4355 beato
1932 4282 2182 4372 Maximino,
2220 4294 2253 4355 et
2285 4300 2304 4351 a

1496 4388 1659 4467 terrenis
1697 4386 1879 4486 expediat
1925 4388 2160 4479 affectibus3
2200 4404 2233 4463 et
2269 4382 2303 4459 in

1497 4502 1687 4598 perpetua
1736 4492 1950 4591 gratiarum
1995 4496 2150 4573 actione
2188 4494 2307 4573 consti·

1460 4643 1463 4658 ·
1493 4620 1590 4681 tuat.
1615 4604 1691 4677 Per
1722 4599 1956 4678 Dominum.

1546 4710 1802 4788 Communio.
1838 4710 1990 4789 ιΤ1ιιι.
2022 4730 2049 4789 ι.
2082 4708 2231 4785 Gratias
2247 4726 2304 4801 ago

1495 4816 1654 4895 Christo
1692 4820 1787 4894 lesu
1831 4814 2006 4893 Domino
2053 4832 2206 4899 nostro
2247 4808 2302 4911 qui

1496 4924 1655 5003 fidelem
1678 4946 1741 4999 me
1757 4919 2008 5011 existimavit,
2030 4944 2182 5021 ponens
2195 4944 2233 4996 ιιι
2245 4940 2303 4993 mr

1495 5028 1673 5109 nisterio.

1751 5138 2087 5223 postcommunio.

1588 5262 1734 5321 111115
1752 5243 1838 5333 tibi,
1860 5244 2045 5333 Domine,
2067 5242 2116 5329 de
2134 5234 2301 5345 perceptis

1612 5352 1730 5429 donis
1753 5350 1922 5450 agimus,
1955 5353 2159 5429 humiliter
2186 5348 2300 5446 depre-

1495 5462 1629 5535 cantes
1664 5486 1672 5535 :
1712 5475 1754 5537 ut
1789 5460 1890 5537 beriti
1925 5458 2133 5537 Maximini
2164 5452 2301 5535 Conles·

1497 5566 1597 5641 soris
1652 5564 1710 5643 tui
1763 5566 1996 5645 inhaerentes
2044 5562 2231 5647 monitis,
2270 5570 2299 5633 et

1496 5674 1676 5773 exempla
1721 5678 1939 5763 sectantes,
1982 5672 2143 5773 praemia
2189 5684 2300 5745 conse·

1495 5785 1669 5879 quamur
1704 5784 1862 5863 aetirne.
1897 5781 1972 5856 Per
2006 5778 2218 5855 Dominum
2247 5790 2300 5843 1¹⁰·

1498 5903 1641 5966 strum.
