5325 7200
1024 1003 1071 1082 ¹⁸
1372 1014 1440 1092 Die
1458 1012 1538 1114 xiij.
1558 1007 1803 1112 Septembris,
1820 1009 1858 1085 S.
1874 1009 2013 1084 Amati.

1023 1143 1117 1230 bus,
1151 1138 1392 1240 psallentium
1422 1142 1585 1216 instituit
1614 1141 1691 1214 se-'
1707 1139 1860 1216 suorum
1872 1138 2221 1242 locrymasoltaque
2238 1141 2369 1241 suspi-

1024 1256 1125 1340 ptem
1164 1253 1336 1332 turmas,
1371 1243 1411 1316 in
1444 1240 1674 1340 unaquoque
1707 1242 1784 1333 ria,
1818 1238 1967 1315 beatam
1999 1235 2139 1316 effldvit
2176 1241 2366 1316 onimam.

1023 1339 1208 1414 duodonis
1235 1339 1296 1414 die
1326 1341 1516 1440 noctoque
1545 1340 1673 1414 conci·
1708 1341 1852 1440 Corpus
1870 1341 1963 1438 ejus,
1980 1364 2024 1414 eo
2043 1367 2116 1440 quo
2124 1339 2291 1438 josserat
2309 1341 2368 1414 lo·

1024 1438 1214 1513 noctibus.
1246 1441 1330 1513 Non
1359 1439 1472 1540 longe
1501 1464 1524 1511 a
1552 1438 1674 1539 Virgi-
1708 1466 1753 1514 co
1772 1439 1975 1539 sepoltum,
1998 1434 2142 1514 tonrdiu
2160 1439 2212 1514 ibi
2224 1441 2365 1538 jocuit,

1024 1564 1116 1611 num
1135 1536 1353 1630 domicilio,
1371 1537 1528 1612 Amotus
1550 1539 1588 1612 in
1607 1563 1673 1611 ca·
1707 1539 1855 1629 donec,
1897 1537 2085 1613 transa'cto
2127 1563 2254 1630 anno,
2283 1541 2369 1638 ipsa

1024 1638 1130 1712 stolio
1143 1637 1276 1712 eodem
1295 1637 1567 1712 blonachorum
1582 1663 1673 1736 quo·
1708 1638 1769 1713 die
1787 1637 1912 1714 obitus
1931 1635 2184 1714 anniversoria
2204 1696 2213 1730 ,
2233 1639 2368 1712 divino

1026 1762 1100 1836 que
1125 1735 1339 1810 coenobiunr
1360 1739 1513 1812 seorsim
1534 1737 1675 1812 excito·
1709 1737 1925 1826 admonitu,
1945 1738 1985 1810 in
2004 1739 2223 1812 interiorem
2243 1737 2366 1814 aedem

1026 1842 1103 1927 vit;
1115 1838 1194 1934 ipse
1209 1850 1337 1910 autem
1351 1839 1391 1910 in
1405 1862 1497 1936 rupe
1511 1839 1676 1910 concava
1709 1837 1828 1912 betta
1844 1835 1968 1910 Mariae
1988 1838 2209 1911 transisitum
2229 1851 2300 1912 est.

1026 1935 1201 2009 ce‘llulam
1219 1935 1289 2009 sibi
1308 1937 1465 2035 partivit,
1483 1936 1675 2010 lectulom·
1842 1947 1883 2022 ln
1901 1947 2013 2024 tertio
2034 1945 2240 2023 Nocturna.

1028 2061 1102 2134 que
1141 2033 1281 2110 excidit
1313 2037 1363 2108 ad
1408 2038 1560 2110 statrirae
1602 2060 1677 2110 suae
1719 2037 1837 2121 loctio
1863 2035 1980 2108 sancti
2006 2033 2197 2136 Evangelii
2225 2035 2367 2108 secon-

1029 2135 1259 2210 mensoram.
1279 2135 1335 2208 lbi
1353 2135 1514 2209 latitonti
1532 2135 1676 2210 frtistu·
1858 2131 1951 2208 dum
1976 2133 2208 2208 Mattlraeum.

1029 2235 1109 2308 lum
1139 2233 1247 2332 panis
1275 2249 1314 2309 et
1337 2259 1437 2334 aqua
1454 2233 1501 2308 ad
1522 2259 1676 2308 omnem
1834 2245 1961 2322 Lectio
1986 2247 2048 2346 vij,
2065 2238 2115 2304 Ca
2146 2289 2154 2306 .
2183 2239 2244 2307 ll.

1027 2334 1184 2423 victum,
1200 2334 1307 2407 statis
1322 2333 1541 2425 inter-villis,
1561 2359 1678 2456 epro·
1750 2332 1860 2408 uilio
1889 2333 2059 2434 tompore
2080 2361 2088 2406 ε
2154 2331 2366 2434 espondens

1029 2433 1678 2532 mine'ntesaxoperfunemsuperne
1767 2433 1875 2506 Jesus
1900 2431 1997 2508 dixit
2018 2461 2026 2506 :
2047 2432 2241 2506 Confiteor
2272 2430 2364 2520 u'bi,

1030 2530 1422 2608 demittebanturttec
1434 2532 1523 2606 inde
1536 2531 1676 2622 exibat,
1712 2533 1846 2620 Pater,
1866 2533 2026 2606 Domine
2052 2531 2135 2606 coeli
2162 2547 2201 2606 ct
2227 2545 2363 2622 terrae,

1031 2631 1103 2704 nisi
1133 2631 1338 2705 Dominicis
1360 2630 1515 2724 diobus,
1542 2633 1679 2706 fratres
1712 2632 1801 2731 quia
1818 2630 2046 2706 abscondisti
2070 2631 2150 2706 haec
2170 2656 2193 2706 a
2215 2631 2367 2730 sapion-

1031 2755 1076 2804 ac
1104 2729 1249 2805 sorores
1267 2729 1386 2805 divini
1412 2730 1517 2806 verbi
1540 2731 1678 2830 pobulo
1715 2729 1814 2804 tibus
1844 2745 1882 2804 et
1898 2729 2169 2830 prudontibus‚
2190 2744 2229 2804 et
2256 2755 2365 2804 reve-

1032 2828 1257 2904 refectrirus.
1277 2829 1375 2907 Turn
1405 2856 1494 2905 vero
1526 2846 1564 2906 et
1593 2855 1680 2904 sen·
1713 2829 1795 2904 losti
1814 2854 1858 2903 ea
1874 2831 2050 2930 porvulis.
2072 2831 2119 2904 Et
2136 2829 2297 2928 re'liqua.

1032 2929 1238 3004 tentiorum
1255 2927 1465 3030 gravitote,
1498 2943 1536 3004 et
1552 2927 1681 3024 hilari·
1713 2929 1877 3004 llomilia
1902 2931 2020 3004 saneti
2047 2927 2218 3030 Gregorii
2236 2931 2360 3028 Papae.

1032 3027 1259 3119 totesultus‚
1275 3029 1499 3128 etlocrymis
1513 3027 1676 3102 ubortim
1790 3054 1935 3102 uetustus
1957 3031 2083 3104 cuncti
2109 3029 2210 3128 quod
2239 3029 2366 3131 magi-

1032 3127 1303 3216 manontibus,
1335 3152 1486 3202 sensum
1530 3129 1680 3227 pietotis
1716 3040 1787 3216 A
1805 3143 1883 3202 stra
1899 3129 2045 3205 Veritas
2062 3129 2187 3224 docet,
2206 3128 2364 3204 dicens:

1032 3223 1294 3300 incredibilem
1345 3225 1579 3302 auditoribus
1617 3227 1677 3300 in·
1714 3226 2310 3328 llisciteamequiamitissum‚
2331 3243 2366 3302 ct

1030 3323 1242 3420 fundebam
1273 3339 1312 3400 et
1333 3325 1443 3402 dictis
1470 3325 1677 3402 auctorito-
1713 3324 1867 3400 homilis
1882 3327 2009 3402 corde.
2031 3327 2086 3402 Ad
2109 3326 2182 3404 hoc
2198 3353 2366 3428 namque

1030 3436 1108 3500 tem
1128 3423 1262 3498 crebra
1279 3425 1487 3518 mirionis,
1516 3451 1560 3500 ac
1590 3451 1679 3525 pro·
1713 3427 1928 3526 unige'nitus
1957 3427 2025 3502 Dei
2059 3427 2172 3502 Filius
2200 3427 2366 3502 formam

1028 3523 1181 3623 phe'tica
1199 3527 1425 3598 arcanorum
1446 3526 1624 3628 cognitio,
1642 3539 1680 3601 et
1712 3525 1943 3601 infirmititis
1962 3540 2098 3603 nostrae
2114 3527 2297 3629 suscopit;
2319 3527 2364 3602 ad

1027 3624 1211 3697 virtotum
1221 3623 1387 3699 maixime
1401 3625 1573 3725 exe'mpla
1589 3650 1675 3700 eon·
1713 3624 1786 3701 hoe
1798 3625 1993 3701 invisibilis
2010 3652 2087 3701 non
2104 3626 2227 3701 solum
2240 3628 2366 3701 visibi-

1027 3722 1222 3797 ciliobant.
1712 3722 1757 3799 lis
1777 3782 1787 3817 ,
1807 3724 1873 3799 sed
1892 3726 2005 3801 otiam
2029 3726 2228 3827 despoctus
2247 3728 2366 3827 appal-

1258 3840 1387 3915 Lecpfio
1411 3840 1459 3939 vj,
1712 3824 1802 3917 ruit;
1817 3824 1863 3897 ad
1882 3824 1955 3899 hoc
1973 3826 2290 3900 contumeliorum
2308 3828 2366 3901 lu·

1130 3946 1233 3995 ·trrus
1257 3920 1410 3995 tandem
1435 3921 1678 4022 praemonitus
1712 3922 1859 4016 dibria,
1888 3925 2104 4000 irrisionum
2130 3924 2362 4025 opprobria,

1035 3946 1159 4123 Cdo
1187 4019 1293 4095 obitu
1318 4022 1419 4095 intra
1435 4048 1579 4097 annum
1607 4022 1677 4097 sibi
1712 4024 2001 4123 passionomque
2016 4024 2206 4099 tormonte
2222 4024 2365 4101 tolero-

1023 4118 1259 4209 imminoute,
1277 4120 1466 4195 cilicinam
1481 4122 1675 4195 colcitram
1711 4122 1783 4215 vit;
1803 4136 1846 4197 ut
1867 4122 2071 4223 suporbum
2090 4148 2168 4198 non
2187 4148 2267 4199 esse
2293 4124 2362 4199 ho·

1023 4218 1150 4293 cinere
1166 4220 1309 4319 oppleri
1331 4222 1455 4320 jussit,
1476 4246 1551 4321 qua
1567 4220 1678 4295 dein-
1711 4222 1852 4295 minem
1879 4220 2034 4297 decoret
2063 4222 2217 4299 hrimilis
2247 4226 2361 4298 Deus.

1024 4342 1111 4417 ceps
1138 4318 1327 4413 uterotur3
1356 4320 1559 4420 paucisque
1590 4335 1674 4419 post
1713 4320 1863 4415 Quanta
1889 4346 1977 4423 ergo
2008 4322 2231 4397 humilitotis
2247 4324 2366 4398 virtus

1024 4415 1172 4507 diebus,
1192 4418 1322 4492 accitis
1338 4418 1536 4513 fraitribus,
1557 4420 1597 4492 in
1620 4418 1678 4491 ci·
1713 4434 1780 4513 est,
1796 4434 2077 4521 propterquam
2090 4422 2209 4497 solam
2222 4420 2366 4499 vertici·

1024 4539 1115 4590 nere
1132 4528 1171 4591 et
1193 4516 1314 4591 cilicio
1332 4519 1558 4616 prostrotus,
1580 4542 1675 4617 prae-
1713 4532 1770 4593 ter
1788 4519 2034 4614 edocendam,
2050 4522 2081 4596 is
2095 4523 2160 4622 qui
2173 4522 2254 4597 sine
2267 4524 2365 4597 aesti·

1025 4608 1146 4689 te'ritae
1171 4616 1257 4689 ritae
1276 4642 1397 4711 noxas
1414 4616 1564 4718 poblice
1589 4643 1679 4691 con·
1712 4618 1878 4693 matione
1897 4646 2056 4721 magnus
2073 4636 2155 4715 est,
2179 4620 2363 4722 usquead

1024 4712 1145 4788 fossus
1159 4730 1227 4790 est.
1243 4716 1388 4791 Deinde
1403 4716 1441 4790 in
1456 4718 1536 4817 ipso
1546 4716 1678 4792 limine
1712 4720 1922 4819 passionem
1942 4720 2063 4795 factus
2081 4734 2137 4795 est
2148 4746 2303 4821 parvus.

1024 4811 1188 4889 basilicae
1221 4830 1359 4891 sanctie
1392 4818 1517 4891 blariae
1551 4816 1677 4918 parom
1931 4832 2057 4909 Lectio
2084 4831 2160 4927 viij,

1024 4912 1095 4987 sibi
1115 4914 1305 4989 tomulum
1335 4916 1556 5007 mandavit,
1582 4916 1678 4990 titu-
1793 4942 1851 4992 orn
1880 4919 1982 4993 enirn
2011 4916 2198 5020 originem
2231 4918 2363 5018 perdi·

1024 5011 1180 5135 irimque
1210 5016 1249 5087 in
1277 5040 1322 5089 eo
1348 5014 1501 5089 inscribi
1528 5041 1575 5091 ex
1600 5040 1676 5115 quo
1719 4940 1914 5157 Qtionis
1932 5032 2067 5091 nostrae
2084 5016 2364 5118 supe'rbiaprae·

1022 5110 1214 5186 humilitas
1242 5114 1466 5189 sanctissimi
1498 5116 1567 5189 viri
1597 5114 1676 5189 exi·
1811 5114 2363 5209 buttditbottinsuumturum

1023 5211 1098 5284 mie
1111 5212 1351 5310 praelucobat.
1366 5215 1535 5312 Denique
1550 5240 1673 5307 mane,
1713 5212 1982 5315 redemptionis
2036 5230 2171 5291 nostrae
2211 5218 2364 5292 iuve'nta

1020 5308 1222 5409 absrimpto
1253 5314 1435 5413 corpore,
1464 5312 1591 5389 idibus
1617 5314 1677 5387 Se·
1712 5328 1768 5389 est
1783 5312 1978 5389 humilitas
1990 5316 2057 5389 Dei
2066 5342 2075 5406 ;
2094 5314 2213 5390 hostis
2227 5318 2363 5417 quippe

1025 5408 1233 5507 pte'mbris,
1263 5438 1351 5485 cum
1382 5414 1499 5487 sancti
1542 5412 1675 5487 Leonis
1713 5428 1854 5502 noster,
1897 5440 2056 5514 maguus
2098 5414 2199 5489 inter
2237 5418 2364 5489 omnia

1028 5513 1134 5607 l'apae
1158 5508 1207 5582 ad
1234 5512 1452 5587 l'lavionum
1474 5510 1676 5611 Epistulam
1712 5512 1910 5604 conditus,
1944 5512 2059 5587 vidori
2097 5516 2362 5613 superomnia

1027 5632 1155 5683 coram
1169 5633 1208 5682 sc
1223 5609 1371 5685 recitori
1391 5611 1564 5710 jussisset,
1580 5612 1696 5687 inter·
1713 5612 1831 5689 voluit
1845 5612 1977 5689 clitus.
1992 5608 2224 5713 lledc'mptor
2239 5628 2361 5690 autem
