5325 7200
995 794 1069 868 Die
1087 797 1137 892 vj.
1158 791 1376 872 Februarii.
1421 858 1423 862 .
2035 816 2054 892 5

359 966 539 1054 solidum,
569 967 757 1040 ornatum
785 953 896 1038 omni
928 955 1058 1058 lapide
1078 975 1162 1053 pre·
1226 947 1363 1066 populi
1400 949 1469 1030 tui.
1517 955 1779 1060 placatusque
1818 973 1873 1035 est
1915 962 2052 1042 dei·

359 1077 459 1152 tioso.
494 1069 618 1168 Quasi
652 1071 758 1146 oliva
788 1067 1007 1167 pullulans,
1036 1078 1073 1138 et
1099 1084 1163 1158 cy·
1229 1078 1317 1131 nus.

360 1193 499 1288 pressus
532 1182 573 1258 in
608 1178 856 1256 altitudinem
890 1203 930 1252 se
960 1173 1161 1257 extollens,
1510 1267 1518 1283 ⁸
1553 1169 1727 1286 ‘Secreta
1774 1232 1790 1258 ,

361 1296 394 1370 iu
423 1288 644 1390 accipiendo
677 1287 809 1387 ipsum
838 1288 978 1362 stolam
997 1280 1160 1380 gloriae,
1232 1284 1462 1458 Pl-ACEAT
1492 1271 1577 1366 ilbi,
1602 1273 1798 1363 derne,
1822 1291 1963 1354 110⁵trae
1982 1278 2054 1354 hu·

361 1419 390 1477 01
415 1395 537 1474 vestiri
568 1419 661 1470 eum
698 1395 739 1469 in
775 1389 1162 1470 consummationem
1329 1373 1505 1450 miliidiis
1533 1378 1695 1466 oblati0,
1726 1397 1763 1456 et
1794 1381 2056 1460 interceddnie

362 1507 508 1584 virtutis.
1193 1488 1196 1591 j
1229 1478 1343 1556 beatio
1363 1483 1577 1560 Theodoro
1593 1486 1827 1566 confessore
1849 1506 1917 1568 tuo
1936 1507 2055 1591 atque

403 1595 597 1674 Graduuie.
659 1595 737 1670 Job
811 1618 874 1692 29.
938 1593 1163 1672 Benedictio
1193 1600 1197 1705 t
1231 1587 1435 1675 pontifice,
1469 1607 1637 1688 praesta:
1671 1610 1715 1670 ut
1747 1610 1822 1674 tuae
1853 1597 2054 1675 charitatis

363 1708 501 1815 perituri
536 1733 656 1808 super
688 1732 753 1782 me
789 1703 1003 1792 veniebat,
1031 1719 1069 1778 et
1096 1726 1165 1778 cor
1228 1692 1389 1813 spiritus
1408 1697 1556 1795 repleti,
1579 1701 1783 1776 aterrenis
1811 1703 2054 1781 mundemur

361 1821 470 1898 vtduae
486 1817 711 1892 consolatus
738 1835 843 1889 sum.
867 1809 908 1896 i.
929 1811 1082 1889 Oculus
1105 1807 1162 1884 fui
1226 1801 1525 1898 cuprditaribus,
1559 1821 1596 1880 et
1629 1807 1775 1882 coelesti
1812 1810 2053 1888 beatitudine

359 1951 445 2004 caeco
459 1939 493 2000 et
510 1947 578 2022 pes
606 1920 751 1998 claudo
768 1950 778 2010 ;
806 1935 916 2018 pater
933 1941 1042 1995 eram
1062 1921 1161 2016 pau·
1226 1905 1333 2005 digni
1353 1908 1586 1988 efficiamur.
1609 1915 1683 1990 Per
1702 1916 1935 1996 Dominum.

361 2059 494 2136 perum.
1444 2027 1520 2106 Pro
1539 2031 1673 2108 sancto
1696 2033 1843 2115 Blasio.

398 2137 571 2226 Alleluia,
599 2136 772 2214 alleluia.
789 2133 830 2218 i.
854 2154 866 2212 1
894 2137 988 2218 Cor,
1007 2159 1042 2230 9.
1065 2135 1162 2210 Om·
1557 2141 1725 2218 Secreta.

361 2248 460 2324 nibus
472 2244 605 2322 omnia
622 2244 748 2322 iactus
766 2267 870 2331 sum,
891 2257 934 2318 ut
948 2264 1089 2318 omnes
1107 2239 1161 2317 fe·
1318 2255 1459 2316 UNERA
1477 2240 1561 2332 tibi,
1598 2245 1783 2337 deine,
1812 2249 1940 2328 dicata
1961 2279 2050 2332 san·

359 2378 466 2432 cerem
485 2354 629 2430 salvos.
649 2348 834 2426 Alleluia.
1341 2348 1505 2426 critica:
1552 2367 1589 2428 et
1632 2352 1893 2435 intercedente
1937 2363 2050 2440 beato

402 2461 483 2534 Post
502 2458 861 2558 Septudgesimam,
882 2457 1041 2534 omissis
1056 2456 1161 2532 Alle-
1228 2451 1361 2528 Bldsio
1395 2459 1567 2558 Martyre
1593 2474 1661 2536 tuo
1687 2477 1804 2562 atque
1828 2467 2047 2560 Pontifice,

360 2569 426 2646 luia
451 2583 484 2641 et
512 2565 553 2654 it.
576 2567 773 2669 sequenti,
807 2565 951 2644 dicitur
974 2569 1156 2644 Tractus.
1224 2579 1294 2654 per
1311 2560 1451 2638 eadem
1472 2587 1544 2640 nos
1574 2567 1752 2665 placatus
1771 2569 1941 2652 intende.
1975 2577 2049 2652 Per

363 2675 487 2757 Psalur.
499 2679 570 2756 125.
588 2675 672 2772 Qui
687 2674 882 2752 seminant
899 2673 939 2750 in
959 2673 1157 2775 lacrymis,
1227 2665 1463 2748 Dominum.

362 2785 394 2860 in
409 2783 631 2860 exultatione
646 2798 804 2859 metent.
825 2780 867 2869 ἵ.
887 2785 1037 2858 Euntes
1052 2781 1161 2858 ibant
1280 2775 1458 2854 Praefatio
1477 2783 1651 2882 propria.

362 2909 391 2968 et
412 2892 559 2980 flebant,
589 2891 785 2968 mittentes
806 2888 957 2966 semina
988 2915 1074 2968 sua.
1113 2889 1156 2974 i.
1276 2886 1533 2970 communio.
1556 2893 1651 2990 Sap.
1674 2910 1727 2974 to,
1748 2890 1949 2991 Sapientia
1979 2897 2051 2974 ho·

363 2998 547 3075 Venientes
570 3012 703 3074 autem
725 2995 882 3074 venient
900 3020 991 3073 cum
1011 2997 1157 3073 exulta.
1224 2987 1389 3107 nestdvit
1408 2989 1520 3067 illum
1537 2991 1578 3068 in
1592 2994 1810 3088 laboribus
1828 3017 1864 3075 et
1879 3007 2053 3104 comple·

362 3104 467 3193 tione,
485 3111 682 3205 portantes
704 3105 930 3202 manipulos
951 3129 1058 3180 suos.
1222 3110 1277 3171 vu
1295 3095 1450 3173 labores
1469 3097 1590 3176 iilius.

358 3211 402 3318 ἦ
422 3214 630 3314 Sequentia
649 3211 773 3290 sancti
802 3211 1004 3312 Evangelii
1023 3219 1160 3288 secun·
1476 3213 1811 3294 postcommunio,

483 3321 577 3397 dum
589 3325 800 3399 Joannem.
819 3324 840 3398 J
844 3347 933 3398 oan.
955 3342 1007 3398 to.
1309 3335 1401 3403 uus,
1414 3317 1482 3417 qui
1500 3320 1659 3397 beatum
1674 3325 1933 3402 Theodorum
1950 3329 2052 3404 Con·

360 3443 408 3607 lu
436 3427 499 3504 illo
527 3435 734 3529 tempore:
774 3427 880 3506 Dixit
907 3431 1024 3506 Jesus
1057 3428 1160 3505 Pha·
1226 3341 1304 3507 D
1327 3424 1517 3502 sessorem
1535 3445 1648 3505 tuum
1664 3447 1782 3531 atque
1800 3433 2046 3526 Pontificem,

399 3535 533 3614 risaeis:
575 3539 659 3636 Ego
703 3561 793 3614 sum
833 3552 969 3638 pastor
1012 3537 1155 3614 bonus.
1222 3531 1429 3630 pastoralis
1447 3533 1566 3611 oflicii
1583 3535 1784 3634 vigilantia
1797 3557 1834 3617 et
1853 3543 2049 3640 preclaris

361 3643 477 3720 Bonus
493 3661 627 3745 pastor
644 3644 821 3721 animam
853 3670 966 3721 suam
989 3642 1057 3719 dat
1087 3669 1159 3744 pro
1221 3638 1405 3714 omnium
1424 3638 1617 3719 virtr'rtum
1634 3646 1781 3722 mdritis
1799 3648 2046 3727 sublimasti:

357 3750 478 3827 ovibus
504 3751 601 3829 suis,
636 3752 909 3829 Mercenarius
941 3766 1088 3836 autem,
1122 3767 1159 3827 et
1222 3743 1272 3819 da
1292 3744 1408 3821 nobis
1427 3747 1545 3848 hujus
1564 3751 1706 3827 viridte
1725 3756 1986 3846 sacramdn1i;
2008 3773 2050 3833 ut

359 3856 414 3955 qui
437 3882 513 3935 non
545 3877 602 3935 est
633 3876 780 3959 pastor,
815 3863 929 3960 cujus
958 3883 1039 3935 non
1068 3873 1159 3933 sunt
1223 3848 1356 3949 ipsum
1376 3850 1537 3929 sinceris
1555 3861 1721 3955 operum
1750 3860 1942 3939 fructibus
1960 3863 2049 3940 imi·

356 3986 432 4039 oves
462 3965 651 4065 propriae,
689 3964 797 4045 videt
827 3968 967 4067 lupum
999 3964 1157 4041 venien·
1222 3964 1364 4037 tdmur.
1392 3964 1466 4038 Per
1483 3965 1717 4043 Dominum.

356 4084 432 4159 tem,
463 4087 497 4148 et
527 4072 688 4149 dimittit
722 4098 843 4162 oves,
881 4090 918 4149 et
951 4072 1078 4171 fugit:
1121 4089 1158 4148 et
1441 4076 1516 4152 Pro
1533 4090 1667 4153 sancto
1687 4076 1835 4157 Blasio

357 4174 454 4275 lupus
478 4178 591 4279 rapit,
627 4196 663 4256 et
690 4179 873 4279 dispergit
903 4204 1028 4257 oves:
1055 4204 1156 4256 mer·
1464 4184 1802 4263 postcommunio.

356 4286 513 4364 ceodrius
543 4304 684 4365 autern·
712 4289 838 4387 tugit,
879 4287 974 4388 quia
1010 4312 1157 4365 merce·
1309 4302 1372 4359 AEc
1408 4309 1480 4361 nos
1519 4288 1789 4379 communio,
1846 4291 2045 4383 deine,

356 4390 471 4468 utrius
502 4412 572 4482 est,
606 4412 643 4470 et
672 4419 753 4471 non
781 4394 947 4495 pertinet
979 4395 1030 4471 ad
1063 4418 1156 4471 eum
1323 4410 1460 4491 purget
1478 4419 1500 4469 a
1519 4396 1683 4473 crtmine
1702 4427 1709 4473 :
1731 4414 1768 4473 et
1787 4397 2047 4477 intercedente

357 4495 394 4570 de
406 4499 550 4579 (ivibus,
576 4504 658 4601 Ego
677 4528 767 4578 sum
787 4518 921 4603 pastor
939 4505 1068 4580 bonus
1090 4563 1099 4591 ‚
1120 4518 1158 4579 et
1223 4493 1338 4573 beato
1361 4500 1493 4576 Bldsio
1514 4503 1688 4603 Mdrtyre
1708 4520 1777 4581 tuo
1796 4520 1914 4605 atque
1946 4510 2049 4583 Pon·

356 4605 525 4703 COgssdscd
562 4634 702 4708 meas,
743 4628 781 4687 et
814 4615 1054 4711 cogn6scum
1094 4637 1157 4687 me
1222 4601 1338 4693 iifice,
1359 4606 1527 4683 coeldsiis
1546 4610 1709 4685 remddii
1726 4610 1842 4687 fdcifii
1858 4636 1941 4688 esse
1959 4636 2050 4689 Con·

356 4734 447 4791 mea.
480 4716 589 4795 Sicut
621 4717 731 4795 novit
767 4743 829 4794 me
861 4734 984 4817 pater,
1019 4734 1057 4795 et
1086 4743 1156 4817 ego
1221 4713 1359 4787 sortes.
1381 4716 1456 4789 Per
1472 4714 1706 4793 deiuum.
2098 4794 2108 4815 ,

355 4825 501 4914 agnosco
529 4840 711 4923 patrem,
749 4839 786 4901 et
814 4824 992 4901 animam
1026 4843 1156 4901 meam
1228 4864 2051 4881 ——-—-—-——-—-———-

356 4946 443 5019 pono
457 4952 527 5027 pro
547 4930 690 5007 ovibus
717 4930 829 5007 meis.
864 4933 913 5007 Et
942 4931 1042 5008 alias
1061 4957 1157 5008 oves
1556 4951 1627 5010 otu
1649 4951 1704 5012 ut.

357 5030 477 5125 habeo,
496 5062 584 5137 quae
602 5062 684 5115 non
702 5052 794 5115 sunt
812 5063 859 5114 ex
876 5040 951 5116 hoc
969 5038 1090 5116 ovili:
1120 5054 1157 5116 et
1531 5060 1573 5117 lu
1603 5058 1735 5117 FESTO

355 5134 425 5214 ilias
457 5149 605 5242 oportet
636 5170 700 5221 me
734 5144 945 5235 adducere,
965 5162 1002 5221 et
1015 5170 1153 5223 vocem
1322 5148 1369 5223 B.
1395 5147 1633 5225 JOANNAE
1660 5150 1944 5241 VALESIAE,

356 5266 466 5325 meam
484 5252 668 5343 audient,
689 5268 727 5329 et
745 5252 809 5329 fiet
827 5278 955 5329 unum
974 5255 1096 5344 ovile,
1118 5269 1155 5329 et
1553 5274 1707 5332 vtuum.

355 5372 443 5427 unus
459 5373 600 5456 pastor.
1272 5359 1397 5437 Missa
1415 5362 1604 5459 Cognovi,
1625 5363 1674 5439 de
1692 5362 1930 5456 Communi,
1951 5385 2043 5442 cum

377 5464 434 5577 ‘In
463 5466 631 5544 Ecclesia
666 5466 892 5551 Cathedrali
925 5473 964 5548 et
993 5466 1154 5570 propria
1223 5466 1522 5571 Orat,propria,
1541 5469 1876 5551 infineMissalis.

353 5562 473 5645 uritur
491 5573 635 5650 Credo.

393 5676 649 5761 Offertorium.
705 5677 833 5760 Exod.
887 5683 949 5761 32.
1004 5683 1156 5759 Orabat
1557 5700 1705 5765 utssvt.

356 5776 552 5864 Dominum
598 5790 730 5865 Deum
784 5814 942 5879 suum,
987 5789 1152 5867 dicens:
1538 5806 1732 5863 maesto

355 5886 446 5979 Cur,
481 5896 679 5986 Domine,
708 5895 891 5975 irascitur
924 5898 1034 5974 furor
1063 5913 1156 5974 tuus
1274 5895 1471 5971 SANCTI
1492 5896 1741 5973 ANDREAE
1760 5894 2003 5987 cousrul,

353 6014 469 6077 contra
487 6004 680 6104 populum
705 6010 851 6081 ruunt
883 6004 1070 6101 Quiescat
1097 6005 1155 6081 ira
1351 6018 1535 6079 rurscom
1558 6020 1609 6077 ur
1627 6019 1918 6081 coursssoms.

354 6112 472 6192 tuaet
498 6127 580 6187 esto
605 6109 811 6211 placabilis
837 6136 957 6212 super
982 6110 1158 6213 nequitia
1272 6112 1323 6192 Ut
1357 6108 1395 6187 in
1432 6108 1581 6188 Missali
1614 6109 1661 6189 ad
1699 6110 1805 6188 diem
1840 6130 1868 6209 4
1903 6107 2041 6211 hujus,
