5325 7200
591 792 617 867 2
1283 792 1352 865 iiie
1372 816 1405 868 r.
1433 790 1650 865 Februarii.

591 954 727 1035 croi-ni
750 954 878 1035 Patris
895 954 1061 1037 Filium.
1086 956 1118 1033 i.
1135 954 1235 1054 Quae
1251 952 1415 1035 Gabrie-

590 1064 639 1141 lis
669 1062 904 1162 hrchhngeii
941 1064 1059 1143 dictis
1092 1062 1298 1143 credidisti
1331 1089 1341 1139 ε
1383 1065 1422 1160 i.

590 1172 696 1249 Dum
724 1171 843 1272 Virgo
872 1172 1017 1269 Deum,
1048 1178 1088 1251 et
1115 1169 1321 1250 hominem
1352 1192 1418 1270 ge·

590 1278 738 1359 nuisti:
768 1286 807 1357 et
832 1286 925 1381 post
942 1288 1117 1382 partum,
1137 1278 1269 1380 Virgo,
1292 1278 1418 1357 invio

589 1386 669 1466 tata
690 1384 970 1489 permansisti:
992 1386 1066 1465 Dei
1084 1384 1275 1484 Genium,
1295 1385 1420 1463 inter·

589 1493 686 1573 code
701 1514 777 1596 pro
796 1491 926 1572 nobis.

645 1606 782 1703 Turup.
816 1604 954 1684 Pascit.
988 1598 1160 1694 hileliria,
1181 1594 1355 1677 ailelr'ria.
1385 1602 1422 1697 ir.

592 1710 621 1789 F
623 1709 702 1791 elix
728 1732 773 1789 es
798 1730 987 1810 namque,
1008 1729 1120 1787 sacra
1141 1706 1256 1808 Virgo
1278 1702 1418 1801 Maria,

591 1826 631 1898 ct
648 1818 758 1898 omni
777 1815 896 1895 laude
914 1814 1148 1918 dignissima
1172 1840 1181 1890 :
1202 1812 1297 1914 quia
1315 1834 1364 1890 ex
1381 1818 1420 1891 te

590 1933 703 2004 ortus
725 1932 786 2002 est
813 1922 872 2002 soi
893 1922 1071 2023 justitiae,
1105 1919 1289 2000 Christus
1313 1918 1422 1997 Deus

592 2041 741 2112 noster.
771 2029 986 2131 Atlelr'riah.
1010 2036 1122 2113 Num.
1140 2020 1421 2129 ttVirgaies-

592 2159 635 2215 so
670 2134 806 2215 flhrnit
834 2162 843 2213 r
874 2134 993 2237 Virgo
1012 2134 1141 2213 Deum
1159 2138 1198 2211 et
1215 2131 1422 2219 hominem

591 2242 728 2347 genuit
754 2270 763 2320 :
789 2263 930 2344 pacem
961 2242 1069 2320 Deus
1099 2236 1288 2336 reddidit,
1308 2239 1351 2317 in
1379 2260 1423 2318 ss

592 2350 855 2433 reconcilians
871 2350 953 2429 ima
972 2347 1155 2430 summis.
1176 2346 1357 2427 Alleluia.

591 2458 643 2563 Β
672 2455 879 2561 sequentia
905 2457 1031 2537 sancti
1053 2454 1254 2557 Evangelii
1275 2452 1423 2535 scorin-

805 2565 901 2645 dnm
921 2565 1083 2645 Lucam.
1111 2598 1143 2649 c.
1167 2574 1203 2649 ⁹2.

593 2682 743 2867 Initio
762 2681 944 2785 tompore
964 2708 973 2761 ε
995 2680 1182 2761 Pastores
1201 2676 1423 2780 loqnehim·

646 2798 714 2869 tur
730 2788 966 2869 adinvicem
983 2816 994 2865 z
1009 2786 1278 2867 Transehmus
1295 2806 1424 2887 usquo

594 2896 842 2993 Bethlehem,
863 2904 903 2977 et
918 2894 1123 2977 videamus
1141 2893 1218 2975 hoc
1240 2892 1421 2991 verbum,

594 3006 705 3107 quod
716 3005 863 3086 iactum
878 3014 953 3103 cst,
966 3004 1077 3108 quod
1087 3003 1284 3083 Dominus
1295 3001 1426 3081 osten·

595 3111 655 3191 dit
673 3110 802 3193 nohis.
833 3110 883 3191 Et
899 3112 1094 3191 venerunt
1117 3107 1366 3205 iestinhntes,
1384 3116 1426 3187 et

596 3218 832 3299 invenerunt
857 3219 1038 3316 Mariam,
1058 3226 1098 3297 ct
1113 3214 1279 3318 ioseph,
1299 3222 1339 3295 et
1364 3215 1424 3293 in·

596 3326 745 3407 fontem
763 3326 937 3428 positum
951 3322 1219 3429 inprmsspio.
1236 3320 1425 3403 videntes

598 3442 731 3514 autem
761 3431 1030 3539 cognorerunt
1059 3431 1111 3513 do
1141 3430 1282 3525 verbo,
1314 3431 1425 3532 qnod

595 3540 748 3622 dictum
782 3550 869 3624 erat
901 3540 982 3623 illis
1016 3540 1068 3620 dc
1097 3539 1224 3642 pireto
1255 3539 1345 3618 hoc.
1376 3538 1426 3619 Et

598 3669 753 3746 omnes,
774 3648 843 3750 qui
860 3647 1074 3730 andierunt
1090 3645 1224 3726 mirhti
1242 3653 1337 3726 sunt
1356 3671 1366 3723 :
1386 3653 1426 3725 ct

598 3756 650 3836 de
668 3754 744 3852 his,
765 3776 854 3856 quae
871 3755 978 3836 dicta
1005 3761 1121 3835 erant
1152 3750 1425 3855 sponsoribus

598 3861 653 3940 ad
687 3861 811 3966 ipsos.
843 3861 969 3942 Maria
1000 3869 1135 3942 autem
1165 3858 1427 3942 conservabat

599 3968 735 4049 omnic
752 3969 874 4051 rerba
891 3970 990 4066 haeo,
1010 3969 1219 4050 conferens
1234 3966 1277 4046 in
1305 3967 1426 4048 corde

600 4099 687 4158 suo.
710 4077 759 4158 ut
777 4075 925 4156 reversi
952 4085 1047 4156 sunt
1070 4073 1252 4178 pastores
1278 4071 1427 4176 glorifi-

599 4185 748 4281 chutcs,
759 4192 799 4262 et
816 4181 1026 4264 laudhntes
1041 4184 1168 4262 Deum
1183 4179 1225 4260 in
1237 4178 1425 4260 omnibus

600 4313 690 4393 quoe
713 4289 938 4390 audierant,
962 4298 1001 4370 et
1025 4288 1220 4387 viderant,
1241 4287 1345 4370 sicut
1365 4285 1425 4366 di·

600 4409 707 4480 ctum
728 4405 790 4478 est
806 4396 859 4478 ad
874 4395 979 4480 ilios.
1002 4395 1144 4486 uredo.

649 4513 918 4592 (trientarium.
950 4502 1188 4598 trecordtuc,
1206 4499 1327 4606 Virgo
1344 4499 1426 4582 hia-

428 4685 435 4703 ,
602 4619 678 4711 ter,
694 4611 736 4690 in
754 4611 968 4714 conspectu
986 4610 1074 4709 Dei,
1093 4616 1138 4692 ut
1157 4608 1336 4711 loquaris
1351 4631 1426 4711 pro

518 4717 521 4724 ’
603 4719 720 4800 nohis
733 4719 858 4817 hona,
879 4727 919 4802 et
935 4717 1091 4801 avertas
1110 4715 1425 4820 indignationem

604 4848 717 4906 suam
735 4849 759 4906 a
780 4827 913 4910 nobisu

920 4951 1096 5026 Secreta.

679 5063 793 5122 muns
824 5041 934 5138 iesu,
971 5041 1040 5144 qui
1072 5039 1318 5138 Bethlehem,
1337 5059 1428 5142 quoe

604 5231 609 5236 .
719 5147 864 5230 domus
898 5149 1015 5251 panis
1047 5146 1351 5252 interpretitur,
1382 5168 1428 5226 ex

608 5256 724 5338 hetta
747 5255 907 5357 Virgine
933 5278 1117 5353 nascens,
1140 5267 1179 5337 tc
1204 5255 1428 5336 animarum

608 5387 753 5468 panem
784 5361 959 5443 futirrum
992 5363 1240 5466 praesigntsti
1263 5389 1272 5440 :
1298 5361 1363 5459 da,
1387 5371 1431 5442 ut

609 5471 694 5554 haec
720 5494 833 5554 sacra
865 5470 1053 5574 mystiria
1082 5471 1200 5576 digne
1228 5491 1303 5552 nos
1329 5467 1430 5550 cele·

609 5579 796 5676 hrhntes,
827 5577 879 5658 cd
908 5577 1083 5660 coeiistia
1110 5577 1271 5660 tandem
1306 5573 1429 5679 recipi

609 5685 787 5773 conriria
803 5683 1040 5766 merehmur.
1061 5683 1266 5783 Quiritis.

654 5809 847 5887 i’raeimio.
874 5799 926 5886 ut
943 5801 981 5876 te
998 5793 1039 5872 in
1059 5790 1342 5884 Maternitiic„

651 5917 902 5996 tiommunio.
932 5901 1077 6004 pegma
1109 5898 1248 5980 mundi
1282 5896 1429 6000 dittssifl·

611 6008 727 6108 sima,
749 6011 889 6108 Marta,
921 6009 1041 6109 Virgo
1067 6007 1278 6112 perpetua,
1306 6003 1428 6086 inter·

609 6115 706 6196 cedo
735 6137 809 6219 pro
837 6125 972 6197 nostra
990 6137 1095 6216 pace·
1114 6123 1154 6194 et
1179 6113 1319 6212 solite,
1338 6134 1428 6216 quoe

1509 967 1680 1070 genuisti
1711 967 1917 1050 Christum
1952 964 2170 1045 Dominum
2201 964 2349 1047 Salsa·

1509 1076 1639 1156 torem
1656 1076 1854 1155 omnium.

1765 1172 2103 1251 Postromnrunio.

1511 1292 1636 1461 Tum
1654 1288 1915 1368 sacramentis
1929 1287 2175 1391 purihchtos,
2187 1294 2226 1365 et
2237 1286 2347 1366 hea-

1614 1394 1782 1476 tisaimae
1809 1396 1950 1475 histris
1981 1404 2060 1474 turc
2092 1392 2349 1497 protectione

1509 1504 1699 1601 munitos,
1732 1502 1785 1581 cd
1810 1505 2003 1584 aternam
2034 1502 2190 1581 renhsci
2214 1502 2346 1581 sitam

1509 1610 1697 1707 concoce,
1722 1611 1898 1691 Domine
1929 1610 2039 1691 Deus
2069 1618 2206 1689 noster
2229 1636 2239 1687 r
2259 1608 2346 1712 qui

1509 1718 1683 1799 mirhhiii
1710 1718 1915 1799 charitatis
1940 1716 2236 1821 dispensatione
2260 1738 2350 1793 nc·

1509 1850 1625 1909 scens
1658 1826 1701 1905 in
1732 1826 1865 1923 terris,
1895 1825 2132 1905 Bethlehem
2163 1823 2346 1925 primum

1508 1933 1764 2017 consecrirsti.
1783 1932 1863 2032 Qui
1880 1932 1978 2013 vivis
1996 1942 2038 2012 et
2056 1954 2211 2033 regnas.

1762 2162 1818 2212 uti]
1838 2164 1871 2214 Υ.
1897 2165 1915 2213 1³
1919 2164 2096 2215 Etrurttttt.

1560 2251 1605 2331 Β.
1637 2250 1868 2331 rurtrrrt
1894 2250 1929 2329 h
1953 2248 2094 2348 tuso,
2121 2249 2277 2331 ttanr.

1713 2356 1916 2435 introitus.
1941 2358 2089 2460 Phtttp.
2107 2358 2148 2435 2.

1657 2493 1716 2568 au
1751 2466 1915 2546 nomine
1951 2467 2048 2546 iesu
2077 2484 2199 2545 omne
2234 2486 2344 2565 genu

1625 2571 1659 2639 “r
1677 2582 1683 2597 '‘
1710 2573 1917 2671 nectatur,
1951 2571 2188 2669 coeiistium,
2218 2572 2345 2651 terre·

1708 2680 2346 2891 rurruurhruuur

1511 2896 1707 2975 Dominus
1731 2897 1849 2977 iesus
1866 2895 2052 2977 Christus
2076 2894 2118 2971 in
2134 2890 2346 2995 gloriaest

1511 3004 1584 3083 Dei
1603 3004 1745 3085 Patris.
1784 3004 1843 3081 Pa.
1882 3010 1965 3084 tiri.
1998 3000 2190 3099 trenortio,
2207 2998 2345 3079 anima

1510 3133 1614 3208 mea,
1643 3110 1848 3191 Domino:
1872 3109 2084 3206 etomnia,
2112 3130 2206 3210 qum
2237 3107 2345 3187 intra

1511 3242 1576 3299 me
1590 3226 1683 3300 sunt
1699 3218 1852 3299 nomini
1869 3226 2010 3297 sancto
2025 3219 2127 3319 ejus.
2150 3214 2336 3302 actoris

1511 3326 1634 3408 Patri.

1848 3439 1866 3510 i
1869 3440 2001 3515 tratio.

1608 3566 1661 3640 us,
1680 3542 1750 3646 qui
1763 3540 1869 3622 inter
1876 3540 2032 3645 primos
2043 3537 2231 3644 Japonioe
2243 3538 2347 3620 tter

1616 3658 1725 3751 tyros
1759 3649 1922 3730 betium
1960 3648 2198 3751 Philippum
2232 3645 2346 3726 cruci

1511 3756 1734 3858 siliginum,
1760 3755 1991 3858 triplicique
2018 3753 2161 3833 lincea
2188 3751 2348 3832 consos-

1511 3886 1615 3961 sum,
1632 3864 1806 3966 primum
1820 3862 2002 3942 omnium
2015 3860 2214 3964 martyrio
2230 3881 2348 3940 coro-

1512 3970 1616 4050 nhsti
1635 3997 1645 4048 ε
1663 3969 1838 4050 concs‘de
1856 3969 2082 4073 propitius;
2098 3977 2146 4048 nt
2160 3965 2345 4069 ejusdem

1513 4100 1587 4158 nos
1608 4075 1759 4158 suffrilti
1777 4077 2018 4179 patrocinio,
2038 4099 2132 4156 cum
2149 4075 2224 4156 ilio
2240 4073 2351 4178 piari·

1511 4193 1573 4266 ter
1604 4185 1846 4266 coronemur
1872 4184 1916 4264 in
1945 4183 2074 4266 ooelis.
2103 4183 2184 4264 Por
2206 4181 2349 4262 Domi·

1513 4313 1626 4372 num.

1569 4409 1759 4508 Epistola,
1797 4411 1834 4488 Μ
1849 4397 1907 4478 ihi
1933 4406 2068 4480 sutem
2095 4396 2222 4498 absit,
2243 4425 2279 4488 ur
2312 4413 2348 4484 tn

1517 4516 1680 4608 himerii,
1702 4517 1767 4592 riie
1782 4517 1873 4616 xvij.
1892 4515 2155 4616 Septembris.

1567 4625 1779 4702 tituriuuio.
1804 4626 1863 4702 i's.
1891 4629 1970 4702 tue.
2003 4612 2347 4712 ii⁶ss0d10‚fisslm⁸

1515 4742 1618 4816 mea,
1636 4719 1832 4802 Domino:
1847 4729 1888 4800 ct
1905 4719 1988 4802 noli
2000 4720 2186 4802 oblivisci
2201 4743 2347 4802 omnes

1516 4828 1799 4910 retributiones
1811 4832 1912 4932 ejus.
1942 4844 1978 4928 p.
1999 4827 2080 4928 Qui
2097 4829 2348 4932 propitiistur

1516 4935 1704 5017 omnihus
1727 4936 2005 5039 iniquithtihus
2022 4936 2117 5036 tuis,
2139 4937 2212 5040 qni
2229 4947 2347 5018 sanat

1516 5064 1657 5124 omnes
1673 5043 1924 5124 infirmitstes
1941 5053 2045 5124 tuas.

1565 5149 1747 5248 pheteia,
1767 5149 1940 5230 cltehiia.
1962 5169 2000 5263 p,
2015 5149 2165 5232 Behtns
2178 5150 2256 5250 rir,
2271 5149 2343 5252 qni

1518 5255 1656 5338 suffert
1689 5258 1988 5340 tentationem:
2019 5257 2212 5360 qnoniam
2250 5279 2343 5338 cum

1517 5364 1710 5468 probitas
1737 5365 1867 5464 hierii,
1882 5365 2051 5470 accipiet
2067 5365 2261 5446 coronam
2284 5365 2344 5447 ri·

1517 5483 1581 5554 tae.
1599 5473 1779 5556 hileiiia.

1571 5595 1660 5672 Post
1679 5596 1866 5692 septuag.
1898 5598 2060 5675 omissis
2088 5577 2274 5680 All0lffi⁸s
2307 5613 2341 5672 ct

1517 5704 1552 5797 i.
1576 5727 1659 5804 seq.
1697 5703 1842 5782 dicitur
1861 5703 2040 5784 Tractus.
2077 5707 2140 5782 Ιέ.
2163 5709 2247 5782 ¹¹7.
2275 5687 2343 5780 ik·

1518 5802 1629 5888 atera
1648 5765 1809 5876 liomini
1826 5795 1920 5876 iecit
1942 5795 2127 5880 virtitom
2148 5825 2160 5878 ε
2178 5795 2341 5878 dextera

1517 5903 1675 5982 Domini
1703 5902 1884 5985 eraithrit
1899 5925 1978 6001 me,
1997 5903 2160 5986 dextera
2175 5904 2337 5986 Domini

1517 6008 1610 6091 fecit
1646 6009 1846 6092 rirtirtem.
1880 6029 1918 6127 p,
1957 6010 2045 6094 Non
2072 6014 2239 6112 moriar,
2269 6011 2338 6094 sod

1516 6119 1670 6200 rivam:
1701 6130 1741 6200 et
1766 6118 1939 6202 narrhho
1961 6120 2085 6224 opera
2102 6119 2284 6203 Domini.
2308 6141 2338 6214 3,
