5325 7200
1277 751 1346 826 bie
1366 752 1414 842 xj.
1428 746 1599 849 ingesti.

711 890 717 903 ⁶
797 929 854 982 mu
875 930 926 981 m.
951 906 1109 979 iumen.

753 1027 935 1108 suncti
967 1028 1180 1125 DONATI,

751 1150 967 1205 nrrscorrsr
994 1152 1180 1205 urnrrnrs.

776 1228 975 1305 introitus.
1008 1234 1105 1311 Dan.
1123 1241 1161 1313 5.

641 1364 841 1420 rcunnorns
870 1340 969 1438 Dei,
996 1342 1224 1420 benedicite
1252 1340 1391 1421 Demi-

559 1348 782 1637 Suum:
806 1450 932 1527 sancti
976 1455 1015 1526 et
1043 1448 1215 1528 brimiies
1246 1448 1387 1544 corde,

659 1555 819 1635 leudete
853 1555 994 1635 Deum.
1020 1546 1118 1623 itin.
1153 1552 1188 1619 3.
1221 1544 1390 1635 benedt-

558 1666 647 1761 cite‚
682 1663 817 1744 emnia
844 1664 966 1765 epora
992 1664 1181 1761 Demini,
1200 1664 1388 1744 Demino:

556 1772 716 1853 tondete
753 1780 792 1849 et
818 1772 1105 1873 superexcltite
1129 1794 1220 1851 eum
1249 1772 1290 1849 in
1317 1794 1390 1851 sae-

559 1882 660 1962 culo.
687 1882 722 1959 i:
750 1878 887 1958 Gidrie
913 1879 1029 1957 Patri.

878 1981 1028 2059 iiruiiu

632 2118 711 2190 nus,
746 2092 905 2172 tudrum
946 2094 1072 2197 gldrin
1106 2091 1386 2190 sacerddtum,

555 2124 609 2286 D
641 2208 796 2301 proesta,
811 2224 1042 2301 quaesumus
1054 2230 1064 2293 ;
1083 2211 1127 2279 ut
1141 2200 1267 2277 sancti
1283 2199 1387 2277 Mer-

559 2310 658 2408 tyris
676 2309 734 2386 tui
753 2318 792 2386 et
811 2310 999 2411 Episcopi
1020 2308 1184 2403 Doneti,
1207 2309 1321 2407 cujus
1340 2308 1392 2387 ie

559 2426 619 2495 sta
637 2416 826 2517 gerimus,
854 2417 1073 2496 sentiemus
1091 2413 1295 2495 auxilium.
1314 2414 1391 2494 Per

562 2522 793 2602 Deminum.

605 2634 649 2709 iit
680 2632 721 2708 fit
763 2648 975 2706 columem.
1012 2624 1146 2700 Oetes.
1177 2620 1216 2695 it.
1255 2618 1305 2693 ti.
1343 2618 1383 2691 Υ.

556 2745 595 2817 in
620 2742 693 2818 cir.
712 2745 932 2835 ctrncirop.
954 2734 990 2808 S.
1012 2732 1124 2808 intrrr.
1146 2742 1183 2806 rt
1200 2729 1269 2806 SS.
1291 2728 1381 2803 iiii.

555 2848 722 2925 'tiburtii
747 2856 783 2923 ci
805 2868 884 2921 soc.

557 2954 691 3035 Lectio
713 2955 904 3058 Epistoioe
924 2954 1029 3033 beeii
1042 2953 1183 3035 iacebi
1197 2953 1390 3056 Apostoli.

919 3080 952 3129 c.
979 3062 1007 3131 i.

622 3193 801 3249 urnrssmr
835 3197 843 3246 :
877 3169 1007 3249 Omne
1034 3168 1223 3271 gdudium
1257 3170 1389 3247 existi-

642 3280 767 3373 mdte,
807 3300 898 3357 cum
923 3278 963 3356 in
995 3276 1233 3357 tentetienes
1258 3278 1388 3355 virias

568 3384 788 3465 incideritis
813 3412 821 3462 :
846 3385 1039 3478 scientes,
1067 3384 1179 3487 quod
1201 3384 1387 3486 probitio

563 3490 659 3571 fidei
685 3504 824 3573 vestrae
844 3494 1074 3595 potientium
1094 3493 1295 3594 operetur.
1319 3491 1388 3569 Pa·

562 3602 701 3680 tientia
727 3613 857 3681 autem
882 3625 982 3705 opus
1000 3601 1221 3703 perfectum
1249 3598 1385 3679 hebet:

550 3717 607 3786 ⁴ut
633 3710 721 3787 sitis
757 3709 920 3810 periecti
946 3718 986 3788 et
1015 3708 1175 3809 integri,
1203 3708 1242 3783 in
1274 3707 1386 3786 nullo

563 3814 803 3894 deficientes.
843 3816 885 3895 Si
921 3817 1010 3916 quis
1049 3826 1181 3893 nutem
1210 3823 1385 3900 restrum

562 3923 715 4024 indiget
738 3923 947 4025 sapientie,
966 3922 1177 4026 pestuieta
1203 3923 1299 4019 Deo,
1316 3925 1386 4024 qui

565 4033 634 4110 dut
666 4031 853 4112 emnibns
879 4029 1101 4127 affluenter,
1128 4039 1168 4108 et
1201 4053 1281 4110 non
1309 4031 1386 4108 im-

563 4139 781 4244 prepcrnt3
803 4149 842 4218 et
868 4138 1030 4218 debitur
1054 4139 1101 4216 ei.
1125 4139 1385 4219 Pestuletau·

562 4262 642 4330 tem
665 4251 704 4326 in
735 4248 814 4328 fide
839 4248 939 4326 nihii
960 4247 1170 4340 baesitans3
1189 4249 1257 4350 qui
1277 4251 1384 4328 enim

561 4357 741 4455 baesitet,
782 4355 926 4436 similis
962 4364 1021 4434 est
1060 4354 1197 4435 fluctui
1237 4357 1383 4452 meris,

563 4467 632 4567 qui
657 4488 680 4543 u
709 4474 827 4546 vento
865 4463 1048 4545 movetur
1081 4474 1121 4543 ct
1153 4464 1385 4542 circumier-

561 4583 638 4652 tur.
657 4573 742 4652 Non
759 4595 852 4676 ergo
864 4574 1033 4652 aestimet
1051 4571 1174 4651 bomo
1190 4571 1382 4674 iile,quod

561 4681 732 4782 occipiat
765 4679 920 4781 eliquid
947 4703 970 4758 n
994 4680 1184 4759 Deminc.
1211 4679 1281 4756 Vir
1311 4678 1384 4758 du·

561 4788 651 4889 pies
673 4788 824 4883 enimc,
844 4786 1076 4867 incenstens
1102 4795 1161 4865 est
1186 4787 1225 4864 in
1254 4786 1381 4866 emni-

561 4895 636 4974 bus
658 4896 731 4974 viis
758 4897 853 4974 suis.
883 4894 1082 4974 Glorietur
1104 4903 1236 4974 autem
1264 4895 1386 4974 frater

562 5004 725 5083 inimiiis
743 5005 783 5080 in
810 5003 1050 5098 exeitatieue
1067 5027 1139 5082 sue
1156 5032 1164 5081 :
1184 5003 1294 5082 dives
1312 5027 1382 5083 au·

560 5120 640 5191 tem
669 5113 708 5188 in
736 5110 957 5190 bumilitete
983 5133 1071 5208 sua,
1099 5110 1288 5213 queniam
1310 5113 1385 5190 sic-

561 5227 606 5298 ut
642 5220 716 5298 iios
743 5218 838 5298 ioeni
864 5216 1051 5296 transibit
1086 5247 1095 5296 :
1132 5217 1291 5298 exertus
1325 5227 1386 5298 est

562 5327 669 5406 enim
687 5326 747 5405 sol
777 5347 868 5404 cum
895 5325 1059 5422 erdere,
1086 5331 1125 5404 et
1142 5325 1386 5404 arefecitfoe-

562 5457 681 5528 num,
715 5440 754 5513 et
780 5433 853 5513 iios
880 5435 965 5534 ejus
992 5429 1164 5530 decidit,
1191 5441 1230 5511 et
1264 5432 1387 5512 decor

560 5544 693 5622 vuitus
724 5543 809 5642 ejus
834 5539 1032 5644 deperiit:
1057 5539 1113 5618 ita
1139 5547 1179 5618 ct
1204 5539 1312 5620 dives
1343 5540 1385 5617 in

561 5650 771 5730 itineribus
788 5649 870 5727 suis
894 5645 1122 5726 marcescet.
1142 5647 1287 5726 Beetus
1305 5647 1379 5738 vir,

561 5759 630 5861 qui
654 5757 792 5837 suffert
820 5755 1081 5836 tentatidnem
1112 5781 1121 5834 :
1165 5755 1381 5857 queniam,

561 5887 653 5945 cum
679 5865 871 5968 probinus
898 5863 1035 5956 iderit,
1069 5861 1239 5963 accipiet
1271 5859 1384 5940 cord·

560 5995 654 6050 nam
676 5975 782 6071 vitre,
803 5993 923 6074 quem
947 5969 1176 6076 repromisit
1198 5969 1305 6050 Deus
1323 5968 1383 6047 di-

564 6079 779 6186 ligentibus
805 6105 858 6162 se.

1524 894 1736 971 tirmiunie.
1766 892 1825 965 i's.
1849 896 1909 961 Tot,
1931 893 1983 986 its
2009 906 2108 1006 justi
2135 908 2311 989 modist.

1469 1020 1580 1098 bitur
1604 1016 1867 1121 sapientiem,
1899 1022 1938 1095 et
1966 1014 2103 1117 lingua
2128 1016 2208 1115 ejus
2236 1017 2312 1097 lo·

1470 1130 1616 1230 quetur
1641 1125 1854 1228 Judicium.
1881 1112 1917 1178 ³³·
1945 1123 2026 1202 Les
2052 1122 2127 1202 Dei
2148 1127 2227 1225 eJus
2258 1126 2309 1201 in

1472 1234 1594 1314 corde
1625 1234 1753 1336 ipsius
1775 1262 1785 1305 ε
1806 1241 1846 1311 et
1871 1254 1953 1311 non
1985 1230 2309 1333 supplentebr'rn·

1471 1352 1537 1423 tur
1570 1364 1729 1445 gressus
1765 1343 1866 1440 ejus.
1956 1434 1967 1449 .

1518 1441 1710 1543 inentis·
1745 1446 1916 1527 elielr'ria.
1957 1457 1991 1501 i·
2039 1445 2176 1525 Justus
2213 1471 2304 1527 uon

1455 1555 1780 1651 ³conturbebitur
1799 1584 1808 1633 ε
1832 1554 1930 1653 quie
1949 1552 2153 1633 deinus
2168 1554 2308 1635 firmat

1471 1686 1615 1742 manus
1633 1661 1922 1763 ejusnltelr'ria.

1469 1769 1689 1873 Sequentia
1704 1770 1831 1849 sancti
1846 1767 2055 1870 Evangelii
2081 1766 2305 1851 secrindum

1705 1878 1909 1959 'binreum
1934 1889 1967 1931 r.
1996 1868 2048 1935 ¹3·

1471 1993 1523 2154 ln
1553 1983 1624 2062 ilio
1666 1984 1847 2088 tempore
1871 2013 1881 2064 ε
1908 1984 2018 2063 Dixit
2040 1984 2158 2063 Jesus
2183 1985 2305 2066 disci·

1502 2147 1507 2157 -
1533 2092 1638 2194 pulis
1662 2096 1745 2173 suis
1761 2125 1769 2172 :
1783 2092 1939 2188 Videte,
1965 2093 2125 2192 rrgiiete
2148 2103 2186 2173 et
2209 2098 2300 2177 orir-

1473 2204 1511 2276 te
1530 2229 1539 2277 ε
1559 2200 1721 2279 nescitis
1739 2202 1847 2279 enim
1873 2199 2039 2302 quando
2058 2209 2216 2303 tempus
2233 2205 2300 2282 sit.

1472 2306 1583 2385 Sicut
1623 2308 1774 2405 bomo,
1804 2308 1874 2410 qui
1908 2308 2073 2410 peregre
2098 2311 2302 2411 proiectus

1471 2414 1636 2516 reliquit
1661 2416 1826 2495 domum
1859 2438 1989 2513 suam,
2017 2426 2057 2495 et
2079 2418 2193 2497 dedit
2217 2442 2299 2497 ser·

1471 2522 1531 2600 vis
1554 2523 1637 2601 suis
1656 2524 1901 2624 'potestetcm
1923 2524 2118 2627 cujdsque
2146 2526 2299 2629 dperis,

1472 2638 1512 2707 et
1534 2630 1700 2729 joniteri
1730 2631 1922 2734 praecepit
1937 2691 1947 2728 ,
1965 2642 2010 2711 ut
2030 2633 2178 2734 vigilet.
2198 2634 2300 2735 Vigi-

1471 2737 1550 2817 letc
1576 2739 1858 2841 ergoincscitis
1882 2742 1990 2818 enim
2022 2740 2189 2841 quando
2227 2742 2298 2821 de-

1472 2848 1607 2926 minus
1625 2848 1770 2926 domus
1787 2848 1942 2927 veniet:
1961 2870 2069 2945 sero,
2087 2872 2139 2926 an
2166 2848 2298 2928 medic

1472 2961 1607 3053 nocte,
1626 2978 1675 3032 an
1703 2956 1954 3058 gallicantu,
1981 2979 2031 3034 on
2058 2958 2204 3056 menei,
2231 2981 2297 3054 ne,

1472 3084 1563 3139 cum
1598 3062 1753 3141 venerit
1787 3064 1976 3165 repente,
2018 3064 2197 3144 inveniat
2226 3091 2298 3146 vos

1471 3167 1729 3248 dormientes.
1761 3170 1880 3270 Quod
1918 3183 2051 3250 nutem
2081 3173 2200 3251 vobis
2238 3173 2298 3251 di·

1471 3298 1543 3373 co,
1571 3278 1760 3357 bmnibus
1791 3278 1885 3357 dico
1902 3308 1911 3357 :
1930 3278 2109 3381 vigilite.

1522 3376 1794 3459 Oii'eriorium.
1826 3376 1885 3451 i‘s.
1912 3382 1972 3449 88.
2008 3374 2298 3467 inveniundo

1470 3511 1628 3570 serrum
1647 3514 1798 3588 meum,
1817 3491 1907 3571 eleo
1924 3502 2064 3573 sancto
2091 3516 2184 3572 meo
2202 3496 2297 3573 unxi

1470 3603 1853 3680 eumzmanusenim
1872 3623 1962 3680 mea
1974 3601 2297 3700 suxiiiebiturei‚

1470 3718 1509 3788 et
1531 3707 1739 3790 brechium
1768 3733 1902 3869 meum
1922 3710 2168 3791 confortitbit
2192 3735 2296 3792 eum.

1791 3809 1963 3886 Cocinto.

1474 3947 1641 4108 Pnssm
1653 3986 1664 4021 ,
1678 3947 1910 4027 quesumus
1936 3924 2125 4024 Demine,
2144 3937 2191 4008 ut
2207 3953 2299 4010 sun·

1534 4034 1588 4110 cti
1615 4033 1800 4134 Mertyris
1826 4033 1884 4111 tui
1911 4041 1950 4112 et
1985 4031 2178 4136 Episcopi
2213 4037 2300 4116 Do-

1467 4139 1549 4218 miti
1571 4141 1881 4237 intercessione,
1908 4142 2107 4241 quemad
2135 4143 2298 4223 leudem

1466 4246 1643 4325 neminis
1662 4247 1721 4324 tui
1743 4245 1887 4325 dicetis
1914 4247 2150 4328 muneribus
2170 4249 2299 4329 bono-

1467 4353 1621 4450 remus,
1648 4354 1726 4454 piae
1751 4351 1870 4432 nobis
1896 4352 2050 4433 iructus
2069 4355 2299 4438 devotidnis

1467 4461 1677 4540 accrescet.
1700 4461 1775 4540 Per
1803 4459 2036 4544 Deminum.

1520 4567 1566 4642 iit
1584 4567 1905 4642 iinntrornmcm.
1939 4563 2074 4640 octor
2097 4563 2168 4642 SS.
2203 4563 2294 4640 tin.

1517 4675 1770 4753 Cornuruuio.
1813 4671 1908 4748 Luc.
1950 4675 2001 4750 id.
2041 4671 2183 4760 tidelis
2214 4703 2298 4760 ser.

1466 4806 1538 4861 rus
1565 4790 1605 4862 et
1628 4782 1829 4886 prudens,
1849 4807 1970 4886 quern
1997 4787 2298 4869 constituitdd·

1467 4891 1601 4970 minus
1627 4915 1748 4992 super
1776 4891 1969 4970 samniam
1999 4915 2114 4972 susm
2132 4923 2142 4974 z
2158 4903 2204 4974 ut
2227 4895 2298 4978 det

1468 4999 1549 5077 iilis
1576 4999 1618 5076 in
1642 4998 1823 5102 tempore
1846 5000 1969 5078 tritici
1998 5001 2243 5082 mensirrem.

1718 5105 2059 5184 i‘osicommunio.

1533 5237 1730 5293 unicornus
1755 5221 1794 5292 et
1819 5215 2048 5296 misericors
2073 5216 2205 5314 Deus,
2222 5221 2294 5321 qui

1541 5345 1615 5401 nos
1629 5321 1969 5401 sacrementerum
1980 5322 2140 5404 tuerum
2156 5336 2197 5404 et
2206 5349 2299 5427 pnr-

1468 5431 1610 5533 ticipes
1637 5426 1760 5507 efficis
1784 5438 1824 5508 et
1849 5430 2055 5510 ministros
2081 5461 2091 5510 ε
2121 5443 2298 5535 praestu,

1472 5560 1701 5640 quesumus
1726 5566 1737 5629 3
1766 5545 1831 5634 ut,
1864 5540 2136 5620 intercedente
2176 5541 2299 5622 beeto

1469 5647 1638 5743 Donido,
1657 5645 1829 5746 biertyrc
1842 5653 1913 5726 tuo
1931 5656 2052 5750 etque
2079 5649 2298 5748 Pontificc,

1469 5754 1647 5855 ejusdem
1688 5753 1946 5855 proficiemus
1978 5765 2017 5835 et
2048 5754 2170 5852 iidci,
2202 5779 2304 5837 con·

1471 5859 1596 5942 sertio
1623 5869 1662 5940 et
1689 5858 1812 5963 digno
1842 5861 2019 5944 servitio.
2048 5863 2125 5944 Per
2158 5863 2303 5944 Demi·

1472 5989 1583 6048 num.

1524 6078 1572 6156 Et
1589 6079 1686 6156 iiunt
1698 6099 1909 6156 commum.
1929 6075 2062 6156 oeno.
2079 6085 2114 6156 et
2132 6073 2307 6156 ostiti.
