5325 7200
504 876 560 953 'iii
1098 864 1309 949 [lominica
1324 862 1375 945 iu.
1392 874 1484 967 post
1499 862 1663 945 i’ascira.

506 1048 585 1129 que
611 1020 791 1127 praedam
822 1018 1053 1103 domesticis
1088 1022 1202 1122 suis,
1229 1030 1269 1103 et
1285 1022 1341 1103 oi·
1380 1073 1384 1082 ·
1422 1020 1522 1103 mihi
1547 1028 1606 1101 est
1625 1020 1666 1100 iu
1693 1016 1831 1101 ooeioi
1852 1023 1891 1099 et
1918 1037 1942 1097 a
1965 1024 2004 1099 te
2028 1014 2131 1122 quid
2147 1015 2260 1100 ruiui

508 1130 1341 1236 buriaaooiliissuisConsiderdvitagrum,
1419 1152 1542 1233 super
1583 1128 1768 1209 terram?
1804 1126 1960 1207 Deiecit
1999 1149 2095 1205 caro
2145 1148 2259 1225 mea,

510 1246 549 1322 et
565 1240 662 1320 emit
679 1262 769 1319 eum
789 1270 797 1319 :
820 1240 869 1321 de
888 1238 1019 1318 fructu
1040 1240 1231 1319 munuum
1251 1240 1342 1319 suu·
1424 1247 1464 1319 et
1490 1258 1561 1317 cor
1584 1257 1717 1316 mcum
1753 1265 1762 1314 :
1799 1235 1907 1314 Deus
1937 1234 2072 1313 cordis
2100 1235 2181 1312 mei
2210 1244 2252 1313 ει

509 1371 598 1429 rum
626 1348 820 1451 plautavit
853 1346 1022 1428 vineam.
1050 1347 1232 1426 accinxit
1261 1343 1342 1426 for·
1425 1368 1520 1447 pars
1546 1366 1635 1423 mea
1655 1343 1762 1423 Deus
1782 1343 1823 1421 iu
1843 1341 2050 1421 aeternum.
2064 1340 2254 1451 nileiuia

508 1456 682 1537 titudine
716 1454 876 1535 lumbos
903 1474 1021 1550 suos,
1068 1462 1107 1533 et
1137 1454 1343 1535 roboravit
1475 1444 1566 1525 Posi
1601 1442 1962 1545 Septuagesimaffl,
1992 1458 2154 1555 Qm¹SS¹S
2191 1448 2258 1527 iii·

508 1563 719 1645 bruchium
748 1586 878 1643 suum.
906 1561 1112 1660 Gustdvit,
1148 1570 1187 1642 ει
1213 1561 1341 1661 uidit,
1424 1556 1563 1657 ieiuia,
1596 1560 1634 1629 et
1674 1554 1710 1628 i.
1739 1548 1943 1651 sequenti,
1979 1544 2128 1621 dicitur
2157 1542 2249 1621 'ira-

510 1674 605 1777 quia
636 1673 743 1754 bona
769 1682 829 1751 est
855 1670 1070 1772 negotiutio
1103 1671 1187 1770 eius
1216 1698 1226 1749 ι
1259 1690 1341 1747 uon
1421 1669 1521 1739 rius.
1558 1660 1695 1762 Veni,
1731 1685 1879 1767 sponsa
1908 1662 2083 1760 Christi,
2118 1663 2255 1769 decipe

511 1781 761 1885 extinguetur
777 1780 817 1857 iu
837 1788 953 1857 nocte
973 1776 1245 1879 luceruaeJ'us
1261 1776 1343 1854 ilia·
1424 1772 1636 1869 cordnam,
1666 1794 1788 1873 quam
1814 1770 1891 1850 tibi
1924 1770 2124 1851 Dominus
2154 1795 2257 1873 prae·

513 1912 608 1969 num
633 1910 747 1969 suam
779 1886 888 1965 misit
912 1885 964 1963 ad
995 1884 1135 1982 turtio,
1162 1893 1202 1965 ει
1227 1883 1341 1987 digiti
1424 1882 1579 1982 parauit
1611 1880 1653 1957 iu
1680 1878 1886 1959 aeturnum.
1910 1876 1949 1955 i.
1993 1878 2177 1959 Dilexisti
2193 1882 2257 1980 ju·

515 1998 601 2099 ejus
634 1992 989 2098 apprehenderunt
1013 1992 1158 2071 iusum.
1180 1993 1344 2071 Manum
1426 1989 1598 2085 stitiam,
1620 1996 1661 2065 et
1693 1985 1815 2065 odisti
1836 1984 2093 2087 iniquitutem
2123 2014 2133 2061 ε
2163 2010 2257 2089 pro·

516 2122 630 2181 suam
662 2103 818 2205 aperuit
836 2100 972 2203 inopi,
996 2109 1035 2180 ει
1060 2100 1215 2204 palmas
1251 2120 1343 2178 suas
1424 2095 1562 2197 pterea
1606 2093 1719 2173 unxit
1761 2102 1800 2171 te
1847 2092 1977 2189 Deus,
2014 2092 2124 2172 Deus
2160 2104 2253 2173 tuus

514 2208 689 2289 extendit
718 2210 770 2288 ad
802 2208 1032 2313 piuperem.
1069 2208 1155 2288 Non
1187 2205 1344 2287 timebit
1425 2202 1514 2282 oleo
1558 2198 1708 2280 laetitiae
1746 2222 1830 2303 prae
1871 2200 2130 2279 consortibus
2161 2203 2255 2280 tuis.

516 2314 655 2397 domui
682 2340 763 2399 suae
790 2340 814 2397 a
840 2314 1054 2420 frigoribus
1089 2316 1225 2398 uiuis:
1257 2336 1344 2394 om·
1419 2310 1453 2391 l.
1502 2310 1644 2412 Specie
1662 2318 1755 2406 tua,
1783 2317 1823 2388 et
1855 2308 2159 2411 pulchritudine
2188 2320 2255 2389 tua

513 2448 585 2504 nes
603 2427 710 2504 euim
737 2426 946 2507 domestici
978 2427 1062 2525 ejus
1092 2422 1221 2503 uestiti
1250 2426 1344 2501 sunt
1429 2418 1622 2516 intende,
1665 2417 1857 2520 prospere
1888 2416 2085 2520 procede,
2113 2428 2156 2497 et
2193 2440 2254 2496 re·

516 2531 756 2634 duplicibus.
783 2533 1048 2635 stragulatam
1075 2540 1224 2611 uestem
1250 2528 1345 2609 iecit
1425 2547 1513 2627 gna.

514 2639 617 2733 sibi;
647 2642 814 2744 byssus,
844 2652 883 2722 ει
918 2640 1096 2743 purpura
1127 2638 1344 2717 indumen·
1417 2633 1646 2736 sequeutia
1664 2632 1790 2711 sancti
1810 2633 2013 2736 Evangelii
2031 2632 2255 2713 secuudum

514 2758 599 2827 tum
624 2751 720 2849 eiua.
743 2750 900 2832 Nubilis
925 2748 1113 2851 inperiis
1146 2749 1208 2829 vir
1232 2754 1343 2859 eius,
1642 2750 1935 2828 liiattbaeum.c.
1958 2746 2018 2818 io.

514 2857 677 2959 quaudo
698 2856 847 2938 sederit
873 2880 965 2937 oum
991 2856 1244 2939 senatoribus
1264 2874 1346 2943 ter·
1420 2872 1487 3039 lu
1517 2856 1588 2937 iiio
1615 2858 1795 2959 tempore
1822 2884 1831 2933 :
1861 2856 1972 2935 Dixit
1994 2856 2113 2937 iesus
2137 2855 2257 2935 disci·

513 2986 579 3043 rae.
611 2964 831 3045 Sindonem
864 2964 986 3061 iecit,
1010 2978 1050 3042 et
1075 2964 1276 3067 vendidit,
1306 2980 1347 3052 et
1480 2965 1585 3067 pulis
1612 2966 1696 3045 suis
1722 2964 2256 3068 paruboiambauczsimiie

513 3070 718 3175 cingulum
745 3072 914 3151 trudidit
945 3070 1183 3151 Chauoueeo.
1215 3074 1345 3157 Forti·
1426 3082 1489 3152 est
1521 3094 1687 3175 regnum
1712 3071 1905 3151 coeiurum
1937 3071 2127 3152 thesduro
2163 3072 2258 3149 abs·

513 3178 635 3275 tudo,
662 3186 701 3259 et
718 3179 840 3261 decor
865 3178 1143 3259 indumentum
1173 3182 1275 3283 eJus,
1306 3195 1347 3266 et
1426 3179 1592 3261 cundito
1634 3181 1675 3258 in
1705 3200 1832 3282 agro:
1860 3201 1980 3283 quem
2008 3178 2079 3280 qui
2103 3178 2258 3257 invenit

513 3286 662 3366 ridebit
693 3286 733 3365 in
771 3286 838 3368 die
872 3286 1103 3367 novissimo.
1131 3286 1187 3367 Os
1223 3314 1340 3371 suum
1426 3288 1571 3387 bomo,
1612 3287 1848 3384 abscondit,
1883 3297 1942 3385 et,
1981 3308 2067 3388 praa
2106 3284 2255 3387 guadio

514 3394 670 3497 aperuit
697 3395 928 3499 sapientiae,
960 3402 999 3474 et
1029 3394 1091 3473 iex
1120 3395 1341 3481 clementie

517 3501 560 3579 iu
596 3500 733 3606 lingua
764 3506 860 3605 eJus.
880 3502 1157 3584 Consideravit
1185 3506 1349 3588 semitas

515 3608 661 3692 domus
701 3634 806 3710 suae,
838 3620 878 3690 et
907 3633 1050 3709 panem
1092 3613 1221 3692 otiosa
1260 3637 1340 3696 uon

514 3723 700 3804 eomedit.
745 3723 1008 3804 surrexerunt
1041 3723 1116 3802 iiiii
1147 3727 1259 3826 ejus,
1303 3737 1344 3810 et

514 3829 787 3910 beatissimam
805 3831 1141 3934 praedicaverunt:
1160 3833 1221 3912 vir
1237 3837 1338 3938 eJuS,

515 3947 555 4038 et
576 3937 752 4019 laudavit
775 3961 877 4018 eam.
900 3939 1033 4019 itiuitae
1060 3937 1154 4020 iiiiae
1183 3963 1347 4046 cougre-

518 4046 709 4148 gavuruut
734 4047 922 4129 divitias:
954 4058 996 4126 tu
1023 4047 1278 4152 supergressa
1305 4073 1347 4130 es

518 4155 734 4236 uniuersas.
753 4155 894 4236 Fallax
920 4155 1066 4258 grutia,
1092 4167 1130 4235 et
1157 4179 1258 4236 vano
1289 4169 1349 4239 est

515 4262 775 4370 pulchritudo
807 4293 818 4358 ;
843 4263 988 4343 mulier
1018 4265 1163 4344 timeus
1182 4313 1188 4328 ·
1209 4265 1349 4347 Dumi-

516 4393 635 4468 uum,
653 4371 741 4474 ipsa
759 4371 999 4453 laudubitur.
1021 4373 1120 4452 Date
1138 4373 1174 4452 ei
1194 4373 1244 4453 de
1263 4373 1346 4454 fru-

518 4486 586 4558 ctu
603 4479 796 4561 munuum
815 4479 977 4560 autrum
995 4509 1006 4574 ;
1021 4489 1060 4560 ει
1075 4480 1240 4562 iaudent
1256 4505 1344 4562 eam

518 4587 559 4665 iu
578 4587 705 4689 portis
724 4589 845 4692 opera
872 4589 970 4688 ejus.

532 4689 934 4794 Alleluiaaiieiuiau.
957 4689 1091 4770 esua.
1124 4695 1346 4796 Quidmibi

1426 3395 1556 3493 iliius,
1575 3395 1704 3493 uadit,
1732 3404 1772 3474 et
1788 3394 1925 3473 vendit
1938 3392 2146 3488 universa,
2164 3414 2255 3494 quoa

1429 3503 1572 3604 habet,
1599 3513 1639 3583 et
1668 3504 1765 3583 emit
1790 3522 1927 3606 agrum
1956 3501 2083 3581 iilum.
2102 3499 2255 3579 lterum

1429 3613 1559 3694 simile
1588 3621 1649 3692 esi
1674 3635 1840 3715 regnum
1869 3610 2065 3690 coelbrum
2099 3609 2255 3688 homini

1429 3721 1687 3826 negotiaturi,
1723 3719 1919 3824 quaerenti
1949 3719 2078 3798 bonas
2105 3739 2258 3818 marga·

1430 3830 1538 3908 ritas.
1583 3829 1746 3909 inuenta
1786 3837 1919 3907 autern
1966 3849 2047 3906 uuo
2081 3825 2258 3929 pretiosa

1429 3937 1663 4039 margarita,
1684 3935 1803 4034 ubiit,
1821 3943 1861 4014 ει
1885 3933 2069 4016 uendidit
2093 3934 2256 4030 omnia,

1429 4067 1520 4149 quae
1542 4045 1705 4140 hibuit,
1732 4052 1771 4123 ει
1796 4044 1894 4124 emit
1909 4065 2009 4122 eam.
2036 4043 2189 4122 iterum
2206 4041 2260 4120 si·

1430 4161 1525 4239 mile
1573 4173 1634 4241 est
1669 4182 1836 4262 reguum
1865 4159 2059 4239 coelurum
2101 4159 2258 4261 sagena

1430 4269 1564 4350 missae
1591 4270 1632 4346 in
1658 4291 1793 4366 more,
1832 4277 1872 4348 et
1898 4265 2084 4346 exomni
2114 4268 2257 4369 gauere

1430 4377 1603 4480 piscium
1631 4375 1886 4479 congreganti
1902 4395 2054 4478 tunam,
2072 4395 2167 4453 oum
2184 4373 2257 4451 im·

1429 4485 1538 4590 pieta
1558 4491 1682 4582 esset,
1700 4483 1932 4581 educentes,
1951 4491 1991 4562 ει
2015 4505 2133 4562 secus
2146 4481 2256 4562 littus

1429 4593 1639 4689 sedentes,
1668 4591 1871 4694 elegerunt
1902 4589 2033 4670 bonos
2067 4590 2108 4668 in
2138 4611 2256 4684 vasa,

1430 4701 1559 4781 maios
1578 4709 1711 4779 autem
1735 4699 1842 4779 foras
1867 4698 2075 4778 miserunt.
2094 4695 2163 4776 Sic
2181 4697 2257 4776 erit

519 4811 581 4884 εει
606 4804 647 4882 iu
675 4805 814 4884 ooelo?
839 4810 878 4882 et
903 4824 926 4880 a
949 4809 987 4882 te
1015 4803 1115 4905 quid
1148 4793 1255 4884 uului
1282 4829 1348 4886 su·
1427 4813 1469 4890 iu
1496 4807 1842 4888 consummatione
1874 4805 2013 4886 saecuii
2050 4832 2060 4882 :
2090 4804 2257 4884 exibunt

518 4933 593 5013 per
620 4913 797 4990 terram?
814 4909 968 4990 Deiecit
985 4931 1079 4990 caro
1097 4933 1199 5004 mea,
1220 4919 1258 4990 et
1276 4937 1348 4993 cor

521 5041 655 5097 meum
673 5048 681 5098 :
700 5019 808 5099 Deus
827 5017 961 5098 cordis
980 5019 1072 5113 mei,
1090 5029 1129 5098 et
1146 5043 1238 5122 pars
1258 5043 1347 5102 mea

522 5123 632 5205 Deus
651 5125 947 5216 inaetdrnumui.
973 5123 1108 5204 Pauli.
1137 5127 1348 5210 Concdiuit

519 5253 750 5313 cormeum
777 5233 881 5312 iutra
908 5253 1002 5311 me:
1036 5245 1073 5313 ει
1101 5233 1142 5312 iu
1179 5233 1346 5313 medita·

520 5337 631 5422 libne
657 5363 746 5422 mea
777 5340 1007 5422 exardescet
1028 5341 1141 5444 ignis.
1165 5341 1345 5422 Alleluia.

560 5445 677 5524 Extra
725 5447 900 5552 Tempus
951 5449 1136 5528 i‘asclraie
1186 5451 1333 5532 dicitur

508 5553 718 5634 Graduaie.
757 5557 816 5634 Ps.
845 5563 906 5634 li.
945 5555 1109 5636 Diffusa
1135 5565 1195 5636 εει
1223 5559 1349 5662 grutia

521 5668 561 5740 in
595 5660 713 5744 iubiis
751 5661 830 5744 tuis
861 5689 870 5740 ε
901 5663 1112 5768 propterea
1142 5665 1350 5750 benedixit

522 5777 561 5848 ιε
580 5769 686 5852 Deus
714 5771 754 5851 iu
773 5773 1021 5858 aternumul.
1048 5774 1217 5880 Propter
1250 5777 1350 5855 veri·

523 5874 662 5977 tutem,
695 5887 734 5960 et
766 5881 1130 5978 mansuetidinem,
1166 5893 1206 5965 et
1233 5885 1351 5986 justi·

524 5982 726 6174 ιὶέῐεθιιΐεθείειιἃ
742 5987 913 6068 deducet
941 5997 979 6068 te
1006 5991 1245 6072 mirabiliter
1281 5992 1349 6071 de-

558 6197 763 6302 Alleluia,
794 6202 1012 6302 aiieiuiou.
1042 6205 1101 6286 Ρε.
1140 6209 1200 6284 iti.
1239 6205 1351 6306 Quid

1428 4916 1583 5021 augeli,
1608 4923 1646 4996 et
1668 4915 1912 5018 separabunt
1942 4913 2071 4993 maios
2097 4913 2151 4992 de
2176 4911 2256 4990 mu

1430 5025 1499 5104 dio
1528 5025 1750 5124 iustorum,
1770 5031 1809 5102 et
1834 5022 1992 5101 mittent
2017 5042 2087 5100 eos
2118 5021 2161 5099 in
2192 5042 2256 5099 ca·

1434 5131 1589 5209 minum
1609 5130 1710 5234 ignis
1728 5161 1738 5209 ι
1759 5130 1816 5210 ibi
1849 5129 1927 5209 erit
1945 5130 2082 5226 deluo,
2105 5137 2146 5208 et
2163 5127 2257 5207 stri·

1431 5239 1508 5318 dor
1537 5236 1730 5316 dentium.
1759 5236 2014 5316 intellexistis
2049 5235 2138 5314 baec
2169 5234 2256 5315 om·

1431 5346 1530 5424 nia?
1554 5343 1702 5425 Dicunt
1715 5345 1752 5424 ei
1772 5375 1780 5423 :
1801 5345 1940 5424 Etiam.
1960 5344 2024 5423 Ait
2038 5341 2117 5422 iilia
2135 5368 2145 5420 :
2160 5343 2256 5424 ideo

1432 5451 1564 5534 omnis
1588 5455 1721 5532 scriba
1748 5452 1890 5534 doctus
1924 5452 1965 5530 iu
1985 5471 2111 5554 reguo
2137 5449 2257 5530 ooeid·

1432 5561 1717 5658 cumsimilis
1749 5569 1811 5640 est
1843 5560 1999 5639 homini
2035 5557 2260 5662 patrifami-

1432 5669 1519 5765 lias,
1533 5669 1603 5771 qui
1623 5669 1773 5771 profert
1791 5668 1841 5748 de
1859 5667 2048 5748 thesuuro
2066 5688 2141 5746 suo
2159 5685 2260 5746 nora

1431 5785 1472 5856 et
1496 5775 1678 5856 veterat]
1695 5775 1809 5856 redo.

1466 5882 1739 5964 offertorium.
1764 5883 1827 5965 Ρε.
1849 5887 1934 5962 ror.
1965 5881 2169 5960 Pacuium
2193 5899 2262 5958 cor

1434 6013 1595 6089 meum,
1621 5991 1753 6091 Deus,
1778 5990 1964 6096 paritum
1990 6011 2062 6070 cor
2095 6011 2258 6068 meum:

1436 6098 1626 6195 oaotdbo,
1654 6109 1694 6181 et
1724 6101 1895 6206 psallam
1929 6100 1970 6178 iu
2006 6097 2134 6203 gioria
2165 6117 2261 6178 meo.

1438 6205 1619 6288 Alleluia.
