5325 7200
1001 870 1069 947 ltie
1088 870 1152 967 viij
1188 868 1260 943 xiv.
1283 868 1476 944 iuovmrii.
2070 873 2093 943 :5

442 1144 482 1223 s.
508 1052 1119 1249 transilii'insnvnn,

628 1270 737 1325 EPISG.
764 1269 808 1323 ΕΤ
842 1270 942 1327 CONF.

531 1361 729 1441 introitus.
766 1362 915 1443 esaim.
945 1366 1026 1443 lit.

367 1494 653 1784 Succusanus
670 1478 741 1575 tui,
756 1478 941 1578 Domine,
960 1481 1197 1581 induantju·

469 1586 1197 1691 stitinm,etsnnctituiexdltent;pro·

469 1702 558 1796 pter
589 1694 715 1773 David
755 1718 912 1775 servum
944 1706 1083 1794 tuum,
1115 1720 1194 1777 nou

362 1802 519 1883 avertas
553 1800 697 1881 ficiem
730 1802 879 1881 Christi
913 1806 984 1883 tui.
1008 1811 1066 1889 l's.
1105 1811 1197 1887 lle·

363 1911 513 2005 mento,
524 1906 709 2003 Demiue,
724 1909 854 1989 David
868 1937 877 1989 :
893 1913 1073 1993 etomnis
1088 1934 1196 1991 man-

363 2015 589 2097 suetvidinis
612 2016 761 2195 ojusbv'.
779 2016 930 2196 tCierio
950 2020 1068 2099 Patri.

732 2140 773 2194 ra
795 2142 845 2199 ro.

419 2244 608 2317 unsri,
657 2244 888 2325 quaesumus
935 2228 1192 2329 omnipotens

440 2332 574 2411 Deus:
596 2337 641 2411 ιιι
671 2332 777 2413 boeti
808 2333 1007 2413 Laurentii
1034 2336 1194 2415 Confes-

364 2436 468 2517 seris
486 2440 544 2519 tui
561 2446 680 2541 atque
708 2440 933 2537 Pontificis,
961 2444 1074 2543 cujus
1100 2466 1194 2545 gau·

366 2542 509 2627 demus
532 2546 697 2642 meritis,
731 2548 976 2629 instruamur
1001 2549 1193 2653 exemplis

363 2660 484 2828 atssue
510 2652 717 2735 doctrinis.
740 2654 814 2734 Per
840 2656 1071 2739 Dominum.

386 2861 395 2935 l
441 2754 560 2833 einde
577 2756 619 2835 lit
640 2778 894 2839 commemor.
913 2764 1071 2841 Octavae
1091 2761 1180 2860 Epi-

357 2882 527 2959 vitamve.

442 2968 574 3047 Lectio
593 2966 687 3047 libri
706 2968 1034 3079 Sapientiae-Sap.
1054 2985 1089 3051 v.

357 3096 608 3257 Survsurmu
625 3076 769 3165 amevi,
791 3084 830 3157 et
845 3078 1040 3181 exquisivi
1061 3102 1192 3159 eausa

425 3182 631 3285 juventdte
648 3206 749 3281 meo,
764 3194 801 3265 et
817 3184 981 3286 quaeslvi
1000 3208 1190 3288 sponsam

359 3292 460 3371 milri
479 3314 566 3371 eam
588 3290 802 3390 essdmere,
821 3305 859 3373 et
885 3293 1039 3373 ametor
1068 3296 1191 3373 iactus

364 3422 453 3479 sum
469 3399 608 3479 iormae
623 3398 739 3480 illlus.
757 3400 1070 3481 Generositetem
1084 3402 1190 3481 illius

358 3508 565 3612 glorificat,
584 3506 892 3587 contubernium
921 3508 1072 3589 habens
1091 3510 1163 3589 Dei
1179 3572 1189 3609 ,

361 3617 434 3696 sed
452 3624 492 3696 et
505 3616 685 3696 emnium
701 3617 900 3696 Deminus
912 3617 1047 3696 dilexit
1066 3617 1186 3697 illam.

361 3725 528 3805 Doctrix
558 3725 665 3804 enim
696 3736 755 3804 est
781 3725 1004 3828 disciplinae
1030 3727 1127 3822 Dei,
1151 3735 1189 3806 ct

360 3833 527 3912 electrix
553 3831 719 3934 eperum
749 3833 871 3910 illius.
908 3833 1009 3912 Etsi
1039 3833 1187 3914 divitiae

359 3939 604 4042 appetentur
622 3940 661 4016 in
681 3939 772 4036 vita,
797 3940 897 4044 quid
911 3941 1107 4043 sapientia
1125 3942 1187 4022 lo·

360 4047 586 4149 cupletius,
617 4070 708 4148 quae
737 4048 926 4150 operetur
951 4049 1119 4127 omnia?
1143 4051 1185 4130 Si

360 4165 494 4233 autem
514 4177 655 4234 sensus
678 4156 884 4256 operetur,
907 4157 997 4258 quis
1017 4157 1184 4254 horum,

358 4283 449 4360 quae
463 4270 567 4358 sunt,
584 4261 709 4364 magis
725 4284 845 4362 quom
865 4263 1003 4342 illaest
1016 4263 1185 4344 ertilex‘l

359 4368 408 4448 Ει
438 4369 471 4448 si
496 4369 695 4469 justitiam
724 4369 814 4470 quis
846 4369 994 4472 diligit,
1023 4370 1183 4450 labores

358 4475 477 4578 hujus
487 4499 650 4579 magnas
664 4479 812 4556 habent
828 4477 1012 4556 virtdtes:
1033 4479 1185 4558 sobrie·

359 4584 479 4664 telem
505 4587 675 4662 enimet
702 4585 956 4686 prudentiam
982 4585 1112 4678 docet,
1147 4601 1185 4666 et

354 4693 552 4793 justitiam
576 4701 615 4772 et
642 4693 851 4792 virtvitem,
877 4695 1024 4796 quibus
1047 4697 1183 4776 utilius

356 4799 456 4878 nihil
474 4801 591 4880 estin
611 4802 691 4882 vita
715 4803 958 4884 hominibus.

396 4909 608 4989 (lundonie.
634 4911 753 4992 Cocli.
772 4920 833 4992 ll.
858 4913 973 4992 Ecce
997 4909 1183 4993 sacerdos

357 5037 551 5117 magnus,
576 5017 644 5118 qui
672 5016 713 5094 in
746 5015 889 5098 diebus
923 5019 1007 5098 suis
1033 5019 1184 5119 plicuit

356 5123 503 5206 neor.
550 5121 636 5204 Non
665 5134 726 5204 est
744 5125 1087 5224 inventusslmilis
1112 5130 1182 5226 illi,

355 5231 424 5332 qui
451 5232 706 5312 conserviret
732 5232 859 5336 legem
891 5235 1054 5314 liucelsi.

392 5335 590 5436 Alleldia,
618 5339 792 5420 alleluia.
819 5349 851 5427 vi.
874 5347 974 5426 Osee
1001 5353 1054 5424 it.
1114 5345 1182 5424 iu·

354 5452 439 5524 stus
475 5447 716 5547 germinabit
734 5449 838 5528 sicut
861 5450 1020 5530 lilium:
1054 5462 1093 5530 et
1114 5453 1184 5532 flo-

353 5552 460 5738 relbilt
492 5554 533 5632 in
569 5555 762 5635 aeternum
802 5567 894 5638 ante
934 5557 1152 5638 deinum

351 5659 525 5740 aleluia.

1284 1028 1378 1110 dio:
1401 1030 1471 1109 sed
1489 1053 1612 1132 supra
1636 1028 1934 1126 candelebrum,
1964 1040 2007 1109 ut
2040 1032 2109 1127 qui

1284 1132 1574 1237 ingredientur,
1593 1136 1728 1216 lumen
1742 1136 1916 1216 videant.
1935 1136 2114 1215 Lucerna

1283 1242 1465 1346 cerporis
1480 1245 1538 1327 tui
1557 1256 1617 1323 est
1635 1244 1777 1323 oculus
1795 1254 1898 1323 tuus.
1917 1244 1959 1323 Si
1972 1244 2112 1324 eeulus

1286 1358 1376 1429 tuus
1407 1353 1527 1432 iderit
1560 1352 1759 1453 simplex,
1800 1361 1926 1430 totum
1966 1374 2113 1455 corpus

1283 1468 1396 1537 tuum
1414 1460 1593 1541 tricidum
1613 1460 1713 1539 erit:
1735 1460 1770 1538 si
1789 1471 1921 1538 autem
1937 1482 2109 1561 nequam

1282 1564 1410 1663 tulerit,
1426 1568 1543 1647 etiam
1560 1590 1706 1669 corpus
1724 1576 1835 1645 tuum
1853 1567 2109 1646 tenebresum

1237 1738 1241 1789 Ι
1279 1674 1365 1752 erit.
1383 1676 1483 1755 Vide
1510 1698 1604 1778 ergo
1631 1698 1681 1752 ne
1703 1674 1852 1770 lumen,
1877 1672 1988 1775 quod
2011 1673 2109 1753 inte

1279 1790 1350 1880 est,
1366 1784 1540 1863 tenehrae
1556 1786 1646 1863 sint.
1663 1783 1705 1863 si
1720 1806 1815 1885 ergo
1835 1806 1981 1883 corpus
1995 1791 2108 1861 tuum

1279 1898 1407 1970 totum
1423 1891 1600 1971 ldeidum
1619 1890 1747 1987 fierit,
1766 1913 1846 1969 non
1865 1888 2017 1967 habens
2035 1888 2106 1967 eli-

1268 2019 1400 2099 ·quem
1427 2006 1581 2102 partem
1608 1995 2104 2093 tenebrerum,eritlv'1ci·

1278 2106 1376 2183 dum
1402 2113 1550 2203 totum,
1569 2112 1609 2184 et
1625 2104 1729 2185 siout
1752 2100 1917 2185 lucerna
1935 2103 2103 2207 fulgeris

1280 2212 1525 2294 illuminibit
1543 2224 1591 2293 te.

1321 2326 1476 2405 llicitur
1500 2320 1641 2418 Credo,
1665 2351 1735 2428 per
1754 2334 1876 2405 totam
1896 2324 2094 2403 Octavum.

1322 2434 1593 2514 Oll'ertorium.
1622 2436 1681 2512 Pe.
1713 2426 1961 2512 caveatas
1989 2444 2106 2520 mea,

1277 2540 1315 2612 et
1354 2534 1632 2614 misericordia
1664 2556 1753 2613 meo
1784 2556 1876 2611 cum
1905 2534 1993 2634 ipso
2023 2561 2032 2610 ε
2066 2545 2106 2611 et

1276 2641 1316 2718 in
1337 2642 1498 2723 nemine
1514 2664 1604 2723 meo
1616 2640 1991 2722 exaltebitureornu
2005 2641 2102 2740 eJus.

1596 2760 1767 2837 Secreto.

1325 2880 1429 2935 uverr
1459 2856 1662 2937 Laurentii
1686 2854 1937 2936 confessoris
1958 2852 2016 2931 tui
2040 2863 2101 2931 at-

1271 2882 1315 3047 S
1340 2988 1418 3065 que
1437 2965 1652 3063 i‘ontllieis,
1668 2985 1899 3067 vvuaesumus
1918 2960 2104 3056 Domine,

1275 3070 1407 3151 ennon
1425 3073 1660 3151 solemnitas
1679 3072 1816 3175 pieteti
1835 3082 1912 3148 tnae
1927 3090 2001 3149 nos
2016 3068 2105 3146 red-

1275 3177 1345 3257 dat
1361 3182 1575 3281 acceptos:
1608 3189 1651 3259 ut
1669 3203 1742 3282 per
1759 3180 1845 3257 haee
1871 3179 1947 3279 piae
1969 3177 2103 3279 placa·
2130 3268 2139 3281 ·

1275 3286 1395 3365 tionis
1413 3288 1556 3385 officia,
1575 3297 1615 3366 et
1632 3288 1746 3365 illum
1762 3287 1876 3363 bella
1895 3284 2103 3363 retrrlrvitio

1274 3395 1502 3488 comitetur,
1522 3406 1561 3473 et
1586 3394 1704 3473 nobis
1734 3394 1871 3496 gumiae
1898 3402 1977 3472 tuae
1995 3392 2102 3469 dona

1272 3501 1469 3580 conciliet.
1490 3503 1565 3580 Per
1583 3501 1813 3581 Deminum.

1313 3618 1496 3700 Praefatio
1509 3629 1548 3698 et
1564 3621 1593 3698 C
1608 3607 1978 3697 ommunicentesvle
2000 3617 2089 3718 liui-

1266 3727 1429 3828 phania.

1311 3833 1564 3915 Communio⁴
1583 3835 1699 3914 Lucse
1720 3837 1778 3912 te.
1796 3821 1950 3913 Fidelis
1964 3841 2100 3900 servus

1269 3940 1308 4010 et
1325 3930 1515 4034 prudens,
1534 3955 1654 4035 quem
1678 3932 1889 4012 constituit
1912 3928 2100 4010 deminus

1269 4063 1390 4142 strues
1408 4041 1601 4118 familiam
1632 4064 1744 4120 suam
1767 4069 1775 4117 ε
1806 4051 1849 4120 ut
1871 4039 1939 4118 det
1956 4037 2037 4116 illis
2056 4037 2097 4114 in

1269 4153 1451 4250 tempore
1469 4149 1591 4228 tritici
1611 4149 1850 4229 mensirrnm.

1504 4266 1843 4348 postcommunio.

1335 4387 1398 4440 uos
1416 4362 1568 4441 coelesti
1592 4362 1783 4441 alimenia
1801 4359 1966 4457 satiesti,
1990 4381 2098 4461 quae-

1261 4393 1322 4592 Ο
1368 4493 1507 4548 sumus
1539 4472 1793 4572 omnipotens
1818 4471 1952 4546 Deus:
1977 4479 2021 4545 ut
2046 4468 2096 4543 nd

1268 4577 1533 4657 imitatienem
1564 4577 1672 4656 beiti
1697 4575 1901 4655 Laurentii
1932 4575 2094 4654 Confes-

1267 4685 1371 4764 soris
1389 4686 1448 4763 tui
1476 4693 1595 4786 atque
1621 4686 1848 4782 Pontifieis,
1875 4705 1945 4762 eos
1971 4683 2094 4761 licias

1268 4792 1460 4894 prespera
1491 4792 1631 4871 mundi
1664 4793 1883 4895 despicere,
1904 4803 1943 4869 et
1959 4813 2092 4870 veram

1267 4901 1515 5001 sapientiam,
1539 4924 1659 5002 quam
1678 4905 1835 4998 amevit,
1854 4922 2033 5003 quaerere
2053 4911 2092 4977 et

1267 5009 1454 5089 invenire.
1477 5011 1550 5088 Per
1566 5008 1797 5089 Dominum.
2069 5110 2071 5113 Ι

1311 5133 1358 5210 ln
1379 5131 1444 5212 die
1463 5132 1611 5212 Octava
1630 5133 1776 5212 dicitur
1789 5131 1928 5210 eadem
1948 5125 2082 5224 Missa,

1255 5250 1418 5344 excepta
1451 5243 1706 5337 Praelatione,
1741 5263 1831 5343 quae
1862 5239 2009 5319 dieitur
2032 5239 2081 5315 de

1223 5351 1227 5500 j
1256 5350 1481 5447 Communi,
1501 5357 1540 5428 et
1558 5347 1705 5428 dicitnr
1723 5349 1752 5426 C
1768 5332 1875 5410 redo·

1586 5589 1646 5642 otu
1672 5588 1745 5640 mv.

1172 5621 1182 5651 '
1223 5617 1227 5786 l
1340 5665 1380 5745 s.
1409 5665 1560 5745 earm
1592 5667 1833 5765 ousuouv,
1861 5665 2010 5747 conv.
2081 5657 2084 5663 ’

1306 5781 1439 5878 lllissa,
1455 5781 1514 5859 Os
1528 5767 1711 5867 lemme
1730 5778 1941 5860 Communi
1961 5776 2075 5856 Conl.

1257 5910 1338 5968 non
1355 5893 1469 5968 Pont.

341 5769 567 5872 Sequentia
586 5771 714 5849 sancti
738 5769 938 5876 Evangelii
959 5772 1178 5854 secdndum
1224 5795 1226 5824 ³

620 5877 825 5962 Lucumo.
848 5891 904 5962 ll.

394 5983 1179 6088 uillotempore:Dixitlesusdiscipu
1223 6059 1226 6076 ,
1593 5999 1740 6077 Oratio.

411 6091 462 6172 lis
480 6091 591 6172 suist
613 6092 738 6174 Nemo
756 6095 959 6175 lucernam
979 6095 1182 6192 accendit,
1223 6079 1227 6217 i
1332 6117 1417 6191 sus,
1449 6093 1518 6196 qui
1547 6093 1710 6174 beetum
1749 6094 1908 6174 Petrum
1945 6095 2087 6176 ducem

348 6207 385 6278 et
407 6199 446 6278 in
466 6199 708 6282 abscendito
723 6203 847 6306 ponit,
864 6225 993 6306 neque
1012 6204 1086 6283 sub
1102 6203 1182 6282 md·
1221 6226 1225 6313 j
1261 6129 1315 6291 D
1360 6203 1511 6285 coelesti
1539 6227 1660 6309 regno
1692 6206 1892 6287 terrenum
1928 6213 2089 6312 postpo-
