5325 7200
577 814 602 886 q
1127 794 1246 873 Missa
1265 796 1402 878 l'otitu
1419 795 1468 879 dc
1488 796 1764 901 tuperatione.

580 985 727 1059 nostem
758 975 1049 1056 contessienem
1078 971 1400 1053 indeclinebilem

580 1084 719 1183 (tidelis
736 1082 843 1164 enim
862 1082 970 1161 Dens
982 1090 1045 1160 est
1060 1078 1130 1182 qui
1147 1080 1400 1181 repromisitl,

581 1200 621 1273 et
637 1189 938 1272 consideremus
954 1188 1124 1267 invicem
1141 1187 1183 1264 in
1213 1209 1403 1291 provoca-

581 1298 731 1380 tienem
762 1296 981 1393 charitetis,
1013 1304 1053 1375 et
1075 1294 1274 1375 bonerum
1308 1293 1402 1397 dpe-

581 1428 709 1501 rum3
742 1428 824 1485 non
867 1401 1094 1483 deserentes
1127 1399 1401 1481 collectienem

581 1524 775 1614 nostram,
793 1516 895 1595 sicut
908 1510 1209 1594 consuetddinis
1225 1518 1285 1590 est
1315 1512 1403 1611 qui·

580 1620 766 1721 busdam,
802 1622 875 1701 sed
908 1617 1175 1710 conscientes,
1205 1625 1248 1695 et
1290 1626 1403 1697 tantu
1453 1687 1455 1700 .

580 1730 706 1832 magis
724 1738 874 1833 quanto
890 1726 1067 1809 videritis
1079 1724 1403 1827 appropinquen-

580 1847 661 1919 tem
678 1839 798 1919 diem.
819 1833 1052 1917 Volunterie
1080 1832 1187 1909 enim
1205 1832 1402 1933 peccenti·

579 1946 657 2026 bus
691 1945 821 2043 nobis,
854 1952 946 2046 post
980 1940 1183 2041 acceptam
1217 1940 1401 2019 notitiam

580 2050 769 2149 tentetis,
816 2054 902 2152 jam
941 2070 1021 2127 non
1053 2044 1291 2146 relinquitur
1326 2069 1401 2149 pro

579 2158 753 2262 peccetis
771 2157 914 2255 hestia,
934 2152 1126 2235 terribilis
1143 2161 1275 2231 autem
1293 2175 1401 2255 qum·

580 2264 674 2345 dam
692 2264 911 2371 expectetis
925 2260 1078 2364 iudicii,
1099 2267 1139 2339 et
1159 2260 1264 2361 ignis
1279 2282 1401 2339 aemu-

579 2370 691 2472 tutio,
711 2396 800 2476 qum
828 2367 1116 2471 consumptdra
1141 2374 1203 2445 est
1219 2367 1401 2447 adverse·

578 2480 677 2559 rios.
694 2480 852 2560 linitam
872 2478 963 2581 qnis
978 2475 1128 2555 leniens
1150 2473 1277 2575 legem
1291 2474 1399 2578 eley-

579 2587 629 2685 si,
648 2587 736 2666 sine
753 2584 835 2666 ulla
865 2580 1123 2663 miseratiene
1147 2580 1306 2662 duebus
1339 2585 1401 2666 vel

579 2693 710 2774 tribus
734 2692 902 2774 testibus
918 2691 1113 2771 metitur:
1134 2691 1294 2789 Quanto
1320 2714 1403 2773 mn·

577 2803 638 2905 gis
654 2800 803 2904 putetis
818 2799 1017 2881 deteriora
1034 2798 1178 2877 mereri
1189 2799 1398 2901 supplicia,

578 2909 648 3011 qui
667 2908 811 2989 Filium
837 2908 911 2987 Dei
925 2904 1226 3002 conculceverit,
1254 2918 1293 2985 et
1310 2906 1400 2985 sen·

578 3016 738 3118 guinem
770 3012 996 3095 testamenti
1014 3012 1212 3115 polldtum
1225 3012 1396 3111 dixerit,

578 3127 621 3205 in
646 3144 729 3227 qno
755 3121 1023 3203 sanctificetus
1047 3129 1131 3217 est,
1156 3129 1199 3201 et
1231 3120 1399 3223 Spiritui

577 3231 714 3337 gretie
741 3228 1024 3310 contumeliam
1048 3228 1221 3310 iecerit?
1243 3228 1400 3311 Scimus

577 3341 685 3422 enim
702 3338 773 3443 qui
789 3337 891 3417 dixit
907 3364 916 3414 :
936 3334 1034 3415 Mihi
1050 3335 1237 3435 vindicta,
1269 3344 1310 3417 et
1324 3358 1399 3441 eqo

576 3447 822 3539 retribuam3
856 3453 896 3525 et
926 3443 1071 3523 lterum
1088 3470 1098 3520 z
1118 3443 1223 3542 Quia
1244 3443 1396 3546 judiee-
1424 3510 1426 3515 ,

575 3556 637 3638 bit
678 3553 874 3634 Deminus
899 3550 1093 3655 pepulum
1119 3573 1250 3632 suum.
1297 3551 1398 3634 Hor·

576 3661 747 3744 rendum
765 3669 826 3741 est
842 3660 1017 3740 incidere
1031 3660 1074 3738 in
1093 3682 1235 3744 manns
1251 3661 1325 3742 Dei
1343 3661 1399 3742 ai·

574 3770 715 3852 ventis.

623 3871 832 3951 tinadualc.
869 3872 1012 3951 l‘saltu.
1037 3877 1096 3949 75.
1120 3879 1282 3976 (luania
1314 3901 1398 3958 ma.

576 3986 748 4092 lignetus
780 3993 841 4066 est
866 3986 1051 4068 inimicus
1068 3987 1110 4066 in
1131 3989 1296 4070 sanctcl
1331 3987 1397 4068 ln·

575 4096 796 4179 cenderunt
812 4095 894 4196 igni
912 4095 1182 4175 sanctuluium
1197 4103 1309 4174 tuum
1325 4125 1337 4188 ;
1353 4095 1393 4172 in

576 4217 683 4286 tenna
701 4203 931 4308 polluerunt
948 4203 1248 4282 tabernecnlum
1267 4202 1395 4281 nemi-

574 4317 637 4396 nis
665 4313 737 4392 tui.
757 4311 792 4402 i'.
822 4311 1039 4415 Usqueqno
1061 4312 1167 4391 Deus
1194 4310 1395 4413 imprope-

573 4417 1312 4502 rebitinimicustlrritatadverserins
1326 4441 1395 4498 no

573 4553 665 4612 men
683 4537 797 4611 tuum
815 4529 858 4607 in
876 4527 1029 4606 tinem?

619 4636 804 4732 llllelt'aiu,
833 4633 1007 4716 ulleltiia.
1025 4633 1060 4708 i.
1095 4630 1214 4730 dpoe.
1253 4635 1288 4709 li.
1322 4633 1392 4712 Di·

570 4768 673 4848 gnus
689 4767 747 4842 es,
774 4741 961 4840 Demine,
985 4741 1069 4822 acci
1123 4763 1167 4822 re
1191 4741 1392 4842 virtutem,

510 4863 512 4868 ’
549 4861 611 4932 ‘et
627 4849 888 4946 divinitetem,
908 4860 949 4929 et
976 4849 1064 4952 sapi
1090 4849 1228 4947 utinm,
1249 4855 1288 4928 et
1313 4847 1394 4928 tor-

570 4959 798 5054 titddinem,
813 4965 854 5038 et
869 4957 1081 5057 honorem,
1096 4965 1136 5038 et
1150 4955 1337 5061 pieriam,
1353 4965 1393 5042 et

572 5063 905 5146 benedictionem.

863 5169 1089 5270 Sequentia.

729 5302 793 5358 ssa
806 5277 928 5376 mitis,
942 5275 1143 5380 expietnm

668 5297 722 5471 J
747 5385 888 5468 Mundi
907 5383 1015 5465 tollis
1028 5383 1100 5486 qni
1119 5382 1343 5568 pecudum,

668 5495 760 5592 Quo
778 5499 817 5572 te
835 5491 979 5572 flemus
991 5512 1118 5570 conon
1134 5490 1268 5570 eitum

666 5599 780 5684 Tolle
799 5597 910 5680 nefas
927 5598 1111 5702 impium.

665 5711 730 5792 (is
748 5705 913 5790 occldde
929 5706 1241 5810 blasphementi,

667 5817 774 5898 Sana
790 5823 967 5896 mentem
985 5815 1208 5914 nauseenti,

665 5923 726 6008 tte
742 5923 813 6004 des
830 5931 1012 6004 sanctum
1030 5922 1253 6109 usurpenti,

667 6029 726 6113 Ne
742 6038 781 6110 te
797 6028 936 6110 credas
954 6052 1035 6110 non
1054 6039 1119 6108 um
1146 6031 1217 6133 nti,

666 6137 744 6218 Fac
760 6143 799 6217 te
814 6136 944 6217 cuncti
963 6134 1143 6240 peceant.

1590 962 1728 1056 Scelus
1745 976 1985 1059 adhucdum
2003 976 2181 1061 videsnus

1593 1084 1725 1165 Fletus
1742 1096 1886 1191 praeter
1908 1088 2007 1191 qnid
2023 1108 2098 1166 nos
2114 1084 2273 1163 demus?
2421 1086 2422 1101 '

1592 1192 1652 1270 En
1666 1214 1741 1273 nos
1760 1192 1831 1271 tibi
1848 1192 2091 1274 devovemus
2110 1218 2120 1269 :

1591 1300 1725 1381 Fletus
1742 1300 1828 1403 ipse
1845 1324 1948 1401 quos
1965 1298 2221 1404 spondemus,

1590 1408 1650 1487 Da
1666 1408 1735 1509 qni
1753 1407 1824 1487 tibi
1842 1408 2038 1510 pliceant

1639 1517 1779 1597 limen.
1800 1514 1984 1597 Alleluia.

1544 1614 1636 1692 Post
1656 1615 2010 1717 septuagesimam,
2033 1620 2190 1701 omissis
2205 1621 2298 1704 illle·

1491 1730 1586 1833 ldiu,
1611 1722 1732 1801 Versu
1752 1727 1933 1826 sequenti
1950 1738 1990 1805 et.
2018 1728 2229 1828 Sequentia
2247 1734 2295 1809 dt·

1492 1832 1593 1911 citur
1625 1830 1654 1909 Τ
1659 1840 1802 1911 nactus.
1839 1834 1939 1913 Dan.
1969 1839 2006 1911 o.
2048 1834 2297 1933 Peecevimus,

1489 1946 1740 2044 iniquitetem
1759 1944 1924 2025 fecimus
1942 1944 2148 2045 (Domincl,
2168 1945 2206 2021 in
2223 1968 2298 2023 om-

1489 2074 1579 2132 nem
1595 2054 1789 2155 justitiam
1802 2062 1925 2131 tunm.
1947 2052 1980 2139 i.
2004 2051 2221 2147 evertetur,
2236 2052 2299 2131 ela

1488 2183 1614 2258 seem,
1635 2163 1694 2239 ira
1713 2172 1795 2257 tua,
1816 2168 1856 2239 et
1870 2158 1982 2241 furor
2000 2170 2094 2238 tuus
2113 2182 2138 2237 a
2155 2158 2299 2239 cisitete

1487 2276 1567 2365 tun,
1588 2278 1629 2351 et
1642 2278 1778 2347 monte
1795 2274 1933 2345 sancto
1947 2278 2027 2347 tuo.
2053 2266 2090 2359 i.
2115 2264 2215 2361 Tibi,
2231 2264 2301 2345 lle

1487 2377 1608 2475 mine,
1640 2376 1792 2479 justitia
1808 2401 1818 2467 3
1843 2373 1959 2453 nobis
1976 2382 2113 2453 autem
2130 2372 2300 2453 mutuno

1486 2483 1597 2563 faciei
1615 2513 1625 2577 ;
1646 2483 1734 2581 tibi,
1755 2482 1928 2561 Demino
1955 2482 2040 2561 Deo
2061 2488 2214 2577 nostro,
2232 2480 2301 2559 mi·

1487 2590 1703 2671 senicerdin
1732 2597 1772 2669 et
1788 2588 2033 2691 propitietio.
2061 2592 2096 2665 i.
2122 2588 2303 2666 Nuncer-

1487 2722 1550 2802 go,
1582 2697 1738 2794 exeudi,
1775 2698 1882 2777 Dens
1908 2704 2056 2793 noster,
2086 2692 2301 2775 oradencm

1487 2816 1679 2903 nostram,
1705 2814 1747 2884 et
1767 2804 1932 2883 ostende
1948 2802 2089 2881 ficiem
2108 2810 2218 2881 tuum
2242 2824 2304 2879 sn·

1486 2938 1558 3018 pet·
1574 2912 1844 2993 sanctaenium
1854 2920 1966 2989 tuum
1976 2909 2089 3011 quod
2103 2907 2300 2988 desertum

1486 3028 1557 3120 est,
1594 3028 1759 3125 propter
1775 3020 2047 3120 temetipsum.
2071 3020 2109 3115 i.
2140 3014 2300 3109 inclina,

1486 3130 1594 3209 Deus
1628 3134 1755 3225 mens,
1792 3136 2088 3221 adventuum,
2120 3134 2160 3205 et
2187 3122 2300 3211 audi;

1485 3236 1595 3339 epesi
1608 3234 1747 3315 doulos
1757 3242 1848 3314 tuos
1862 3243 1901 3313 et
1912 3232 2002 3313 side
2018 3230 2304 3311 desolationem
2421 3266 2422 3269 κ

1485 3354 1677 3425 nostram.
1698 3340 1735 3437 i.
1775 3342 1864 3422 Non
1881 3342 1988 3421 enim
2005 3340 2045 3417 in
2060 3336 2304 3441 justificatie

1486 3452 1604 3532 nibus
1649 3451 1797 3531 nostris
1838 3448 2131 3553 prosternimus
2170 3466 2305 3548 preces
2421 3464 2422 3493 ¹

1484 3570 1577 3643 ante
1591 3560 1731 3640 ieciem
1750 3566 1873 3656 tuum,
1893 3555 2023 3636 sedin
2043 3550 2304 3632 miseratidni·

1483 3670 1559 3749 bus
1590 3668 1668 3748 tuis
1686 3667 1843 3747 multis·
1858 3667 1895 3765 i.
1934 3661 2099 3760 Exendi,
2120 3660 2303 3754 Domine,

1486 3775 1659 3878 placere,
1681 3775 1880 3866 Demine;
1902 3768 2063 3850 attende
2089 3776 2128 3846 et
2145 3767 2236 3856 lac;
2259 3789 2305 3844 ne

1488 3884 1657 3966 moreris
1696 3891 1862 3988 propter
1900 3877 2171 3978 temetipsum,
2202 3874 2306 3953 Deus

1485 4015 1611 4076 meus.
1644 4001 1686 4080 i.
1713 3991 1816 4090 Quin
1847 4009 1994 4068 nomen
2014 3995 2123 4065 tuum
2152 3984 2305 4062 invoce-

1484 4109 1570 4181 tnm
1598 4108 1656 4187 est
1676 4117 1795 4202 snper
1817 4095 2028 4190 eivitetem,
2048 4101 2088 4172 et
2105 4113 2227 4192 super
2243 4089 2307 4192 pe
2421 4111 2422 4140 t

1483 4208 1625 4311 pulum
1644 4217 1770 4288 tunm.

1534 4321 1581 4399 Et
1597 4319 1783 4418 deinceps
1808 4315 1953 4393 dictam·
1978 4313 2193 4414 Sequentia
2210 4309 2305 4386 lesu
2421 4345 2422 4382 i

1482 4423 1603 4522 mitis,
1623 4423 1837 4526 expilatam,
1854 4422 1925 4502 sed
1941 4423 1980 4502 in
1994 4423 2070 4500 iius
2086 4441 2165 4500 non
2194 4417 2300 4496 addi-
2421 4409 2422 4504 l

1481 4547 1545 4615 tua
1565 4533 1745 4613 Alleluia.

1480 4641 1700 4745 Sequentia
1716 4637 1844 4719 sancti
1863 4631 2065 4737 Evangelii
2085 4629 2304 4713 secdndnm
2421 4627 2422 4658 ¹

1645 4745 1889 4826 Matthaenm.
1916 4747 2012 4846 Gap.
2034 4747 2095 4820 ᾗ.
2119 4769 2140 4820 a

1528 4855 1637 4940 nillo
1667 4854 1871 4958 tempore:
1906 4845 2159 4952 Loquebetur
2192 4845 2305 4927 lesus

1543 4961 1794 5070 principibus
1827 4956 2077 5040 sacerdetum
2096 4961 2134 5034 et
2170 4953 2306 5034 Phari·

1485 5073 1574 5155 seis
1593 5073 1634 5150 in
1660 5067 1877 5176 petebatis,
1897 5065 2062 5146 dicens:
2088 5059 2230 5141 Simile
2257 5061 2305 5138 is·

1484 5189 1591 5262 ctum
1609 5189 1670 5260 est
1687 5197 1853 5280 regnum
1869 5171 2059 5254 coeldrum
2073 5167 2231 5248 nemini
2250 5191 2304 5246 re

1484 5289 1536 5392 gi,
1561 5288 1630 5390 qui
1646 5285 1738 5365 fecit
1752 5283 1912 5386 ndptins
1929 5279 2014 5358 illio
2032 5297 2119 5372 suo,
2140 5283 2182 5355 et
2199 5275 2302 5354 misit

1485 5417 1619 5478 servos
1647 5413 1741 5472 suos
1774 5389 1916 5470 vocene
1952 5383 2138 5466 invitetos
2155 5381 2208 5461 ad
2235 5381 2300 5460 ni·

1484 5505 1612 5610 ptias;
1634 5509 1673 5582 et
1687 5497 1877 5580 nolebant
1893 5495 2041 5578 uenire
2062 5491 2212 5570 lterum
2232 5489 2300 5568 mi·

1484 5613 1536 5692 sit
1549 5609 1649 5690 titos
1680 5605 1988 5688 servosdlcens:
2021 5599 2150 5679 Dicite
2168 5597 2300 5676 invite·

1483 5719 1559 5800 tis:
1605 5719 1705 5795 Ecce
1740 5711 1954 5816 prendium
1988 5729 2122 5788 meum
2151 5704 2296 5810 peresi,

1483 5824 1586 5906 tauri
1601 5823 1679 5904 mei
1698 5829 1738 5904 et
1754 5819 1877 5899 altilia
1890 5817 2021 5898 occisa
2042 5823 2148 5913 sunt,
2164 5823 2205 5893 et
2218 5815 2296 5893 om·

1484 5935 1551 6016 nis
1567 5932 1730 6038 paretn3
1747 5927 1876 6010 venite
1894 5925 1946 6005 ad
1962 5923 2136 6030 nuptias.
2160 5921 2223 6000 llli
2238 5943 2297 5998 cu

1483 6051 1565 6124 tem
1583 6037 1854 6146 neglexerunt,
1870 6043 1909 6114 et
1924 6031 2123 6128 alienant,
2143 6027 2245 6108 elius
2262 6027 2295 6102 in

1483 6147 1614 6232 villam
1634 6167 1763 6244 suam,
1779 6143 1879 6224 elius
1896 6163 1988 6221 vero
2005 6137 2055 6218 ad
2072 6134 2296 6238 negotiatid·
