5325 7200
634 1045 703 1123 Die
719 1051 783 1148 vij.
803 1049 907 1126 Julii.
925 1050 971 1131 B.
990 1053 1091 1130 Petri
1110 1055 1267 1131 Forcri1.
1594 1077 1642 1150 t3

321 1209 486 1284 dormivit
513 1211 552 1283 io
582 1209 775 1302 Domino,
807 1208 952 1285 meritis
989 1234 1042 1284 nu
1059 1210 1202 1284 inimici
1221 1209 1398 1304 redemit,
1417 1225 1458 1287 et
1473 1235 1542 1286 suo
1570 1213 1642 1290 do·

321 1309 421 1400 dives,
456 1308 578 1383 clarus
608 1310 818 1402 mimiculis,
850 1331 952 1383 auno
989 1308 1108 1384 minio
1131 1310 1384 1410 mancipivit3
1407 1309 1488 1386 ltoec
1511 1325 1640 1390 autom

323 1409 455 1482 Domini
472 1407 671 1484 millesimo
682 1402 953 1485 sexcentesimo
987 1409 1135 1483 familia
1158 1423 1291 1484 sancta
1315 1423 1373 1485 est
1389 1410 1558 1487 Ecclesia
1573 1437 1640 1488 ca-

319 1509 616 1608 quadragesimo,
635 1505 755 1586 aetzitis
771 1533 860 1584 vero
877 1532 953 1583 suae
989 1507 1153 1602 mollica,
1174 1533 1258 1607 quac
1284 1534 1352 1608 pcc
1378 1508 1511 1584 orbem
1530 1526 1639 1588 terme

318 1607 579 1710 septuagesimo
633 1623 755 1686 sexto.
809 1611 953 1707 Corpus
988 1607 1136 1706 copioso
1164 1608 1359 1683 fertilits'tte
1383 1608 1638 1705 diffundum

320 1709 387 1806 ejus
401 1706 512 1782 Griio
534 1708 817 1783 Mottiuctiricm
843 1707 952 1782 deli·
987 1707 1100 1783 lilius
1116 1709 1219 1783 enim
1237 1707 1423 1799 hominis,
1445 1711 1640 1811 sicutipse

321 1823 407 1896 tum,
426 1808 465 1881 iu
486 1806 644 1882 ecclesia
688 1807 869 1884 amchiili
889 1831 952 1882 se-
987 1807 1063 1893 ait,
1083 1809 1187 1883 venit
1210 1833 1287 1882 non
1314 1809 1546 1903 miniario,
1572 1811 1639 1885 sed

321 1907 447 2004 pillum
483 1919 565 1998 cst,
595 1833 722 2000 unic,
754 1908 796 1982 in
829 1907 952 2008 prima
988 1907 1202 1982 ministrire
1244 1921 1284 1982 ct
1324 1906 1418 1982 dare
1467 1908 1637 1984 inimum

321 2003 948 2104 ipsiusBectilicotiooisiestivititc‚
986 2031 1092 2080 suom
1119 2007 1420 2105 redemptionem
1442 2031 1513 2107 pro
1534 2008 1640 2082 mul-

318 2129 410 2180 sacra
434 2105 536 2180 itum
558 2131 641 2181 ossa
657 2107 877 2182 solemniter
893 2106 951 2180 le-
989 2107 1047 2180 tis.
1067 2107 1311 2207 Dispensa'mr
1338 2131 1429 2182 vcro
1456 2109 1541 2206 quis
1563 2110 1637 2200 sit,

318 2207 402 2280 vivit
414 2205 602 2281 'l'ullciusis
623 2207 858 2307 Episcopus,
883 2205 950 2280 ea·
986 2230 1099 2305 quem
1116 2207 1266 2306 oportet
1278 2231 1358 2280 esse
1371 2205 1524 2281 fidelem
1538 2208 1640 2307 ptiri-

318 2327 377 2404 quc
406 2305 641 2380 venerationi
671 2304 832 2428 publicet
862 2331 951 2406 pro-
986 2319 1044 2380 ter
1060 2319 1099 2380 ct
1115 2306 1357 2405 prudentem,
1376 2307 1514 2380 Paulus
1531 2305 1641 2382 nobis

317 2403 420 2498 osuit
448 2429 554 2480 cumo
583 2407 783 2482 millesimo
808 2407 951 2506 septin·
984 2405 1153 2481 ostendit
1181 2405 1383 2504 Apostolus
1412 2407 1491 2505 qui,
1520 2406 1570 2480 dc
1600 2433 1640 2482 se

318 2503 505 2598 geoteimo
530 2507 580 2580 tm'
646 2508 725 2580 imo
750 2504 946 2599 secundo,
985 2505 1136 2605 suisque
1153 2504 1638 2604 sociis-loquens‚ait:Sic

318 2605 367 2676 dic
382 2605 571 2708 trigesima
619 2605 759 2708 ugusti.
987 2628 1054 2679 uos
1087 2605 1277 2679 existimet
1302 2603 1420 2678 homo
1451 2619 1495 2680 ut
1520 2606 1635 2680 miul-

313 2718 329 2802 ε]
363 2705 537 2798 Domine,
556 2729 634 2780 non
660 2719 716 2802 est
737 2699 945 2778 exaltoitum
983 2717 1080 2778 suos
1106 2703 1269 2794 Christi,
1298 2716 1337 2778 et
1361 2703 1638 2802 dispensatores

316 2829 545 2896 cormeum,
578 2829 702 2905 neque
737 2803 825 2878 eliti
859 2817 950 2878 suut
985 2805 1249 2903 mysteriorum
1264 2804 1346 2878 Dei.
1360 2804 1519 2902 llicjum
1537 2829 1638 2904 quae-

316 2901 395 2976 oculi
413 2906 483 2978 mei
503 2962 513 2995 ‚
536 2929 661 3004 neque
687 2899 880 2978 ombulcivi
907 2904 948 2977 in
984 2904 1081 2976 citur
1100 2903 1202 2978 iuteo
1225 2903 1504 3001 dispensatores
1528 2918 1572 2979 ut
1589 2903 1637 2978 fi-

317 3003 462 3102 magnis,
488 3028 616 3104 neque
644 3005 683 3078 in
710 3001 947 3078 mirabilibus
981 3002 1076 3078 delis
1093 3004 1178 3102 quis
1196 3003 1424 3077 invenietur.

316 3125 408 3199 super
430 3103 548 3177 me*
576 3101 769 3177 lnduebac
797 3101 943 3196 cilicio,
975 3119 1014 3208 o).
1037 3103 1188 3180 Nomen
1205 3104 1288 3204 ejus
1303 3103 1397 3176 vivit
1413 3103 1454 3174 iu
1471 3125 1636 3203 genora-

317 3199 543 3276 humiliibam
562 3203 602 3276 in
614 3203 761 3302 jejunio
778 3202 944 3276 (unimam
984 3201 1127 3278 tionem
1145 3217 1186 3278 et
1198 3200 1531 3304 generationem*
1553 3201 1637 3277 l'loi-

318 3323 444 3394 meam,
469 3303 579 3404 quasi
598 3303 731 3403 lugens
748 3315 788 3378 et
804 3301 946 3377 coutri—
981 3303 1060 3378 cuit
1087 3303 1181 3378 Dco'
1199 3316 1239 3378 et
1267 3299 1476 3378 translitus
1503 3315 1562 3378 est
1594 3303 1635 3374 io

317 3399 414 3472 stitus
434 3401 485 3475 sic
510 3401 755 3477 humiliabar.
780 3407 814 3484 i.
851 3401 945 3496 Qui·
984 3400 1213 3476 Paradisum.
1256 3409 1291 3489 p.
1335 3399 1475 3474 Fide'lis
1504 3425 1635 3476 set-vus

317 3497 456 3598 cimquc
485 3501 748 3576 ltumiliaivecit
776 3525 816 3574 se
849 3503 946 3576 sicut
979 3513 1019 3576 et
1035 3501 1202 3601 prudens
1219 3525 1335 3601 quem
1353 3499 1549 3577 coustituit
1566 3502 1634 3573 llo

317 3597 469 3693 tumulus
492 3602 586 3693 iste,
606 3601 669 3675 hic
691 3615 749 3675 cst
767 3602 888 3701 major
905 3602 945 3675 in
981 3601 1106 3675 minus
1140 3626 1254 3701 super
1286 3600 1471 3675 familiam
1505 3625 1629 3676 suctu.

319 3700 619 3797 regnocoelcirum.
636 3700 943 3779 lnduebao.Gl‹i·
982 3700 1136 3777 Ptoouio.

319 3800 360 3869 ria
374 3800 480 3875 Patri.
500 3798 704 3875 loduc'bar.
1186 3808 1314 3884 Lectio
1332 3810 1410 3885 vii'.

412 3907 451 3979 lo
470 3906 583 3981 tertio
603 3906 808 3981 Nocturno.
1038 3924 1121 3975 uum
1144 3924 1186 3975 ec
1212 3924 1235 3973 o
1259 3900 1380 3973 Patris
1398 3898 1545 3973 umilias
1564 3922 1631 3973 su-

316 3995 422 4071 lo'ctio
449 3998 571 4073 sancti
587 3998 782 4100 Evangelii
807 3998 942 4073 secun-
973 3918 1031 4093 S
1051 4022 1157 4091 mus,
1178 3923 1456 4098 ‹iispcusattioes
1477 3998 1631 4100 Domini

439 4096 532 4171 dum
558 4097 791 4173 Mutthaeum.
978 4120 1122 4191 sumus5
1137 4098 1354 4173 mensuram
1369 4098 1498 4191 tritici,
1513 4120 1629 4197 quam

500 4207 629 4281 Lectio
655 4208 720 4305 vij.
980 4195 1084 4273 vobis
1127 4198 1352 4299 cingimus,
1397 4198 1625 4296 accepimus.
1716 4205 1723 4214 '

350 4294 445 4370 oillo
473 4296 646 4396 tc'mpore
669 4326 681 4371 c
705 4296 810 4371 Dixit
834 4298 943 4371 Jcsus
980 4296 1069 4390 Qum
1094 4321 1183 4373 vero
1206 4298 1255 4371 sit
1278 4297 1350 4373 istc
1376 4297 1492 4373 tritici
1518 4318 1628 4369 meu·

316 4314 341 4481 Ι
363 4392 545 4495 discipulis
560 4398 638 4470 suis
658 4425 667 4471 ε
686 4396 792 4492 Quis,
814 4409 939 4495 putas,
978 4396 1066 4471 soro
1082 4397 1113 4471 si
1131 4397 1362 4496 querimus,
1381 4396 1462 4495 ipse
1478 4418 1629 4495 quoquc

317 4506 361 4565 cst
393 4494 507 4571 fidelis
539 4512 669 4571 sertus
702 4510 743 4571 ct
775 4495 944 4596 prudens
978 4493 1110 4571 beo'tus
1131 4496 1268 4571 Paulus
1284 4494 1483 4595 Apostolus
1503 4494 1629 4569 osteu-

318 4616 410 4687 qocm
426 4594 621 4671 constituit
632 4595 816 4671 Dominus
831 4618 944 4695 super
978 4594 1053 4686 (lit,
1085 4594 1216 4670 diceus
1249 4624 1258 4669 ε
1290 4596 1502 4693 Unicuique
1531 4596 1629 4668 sicut

320 4690 478 4769 lumiliam
513 4720 651 4787 suam,
687 4710 731 4769 ut
770 4696 837 4770 det
870 4694 944 4769 illis
981 4697 1078 4769 lleus
1102 4694 1230 4771 divisit
1266 4694 1485 4771 mensuram
1517 4693 1625 4767 fidei.

320 4789 476 4867 cibumiu
499 4794 694 4894 tompore?
713 4797 762 4871 Et
781 4795 940 4895 reliquo.
980 4792 1100 4887 Quam
1135 4818 1226 4896 ergo
1260 4793 1477 4869 mensuram
1513 4792 1627 4867 tritici

372 4892 524 4968 llomilia
541 4896 662 4969 suncti
680 4894 868 4997 Fulgentii
981 4892 1148 4968 Christus
1164 4895 1373 4994 utincuput,
1388 4896 1508 4993 ipsum
1522 4914 1627 4965 meu·

519 4994 655 5093 Episco
978 4994 1105 5069 summ
1140 4992 1233 5068 fidei
1267 4993 1406 5069 Paulus
1433 4991 1625 5091 oppillot3

681 5021 708 5069 t.

386 5114 432 5163 us
458 5106 515 5167 cst
542 5094 612 5169 istc
638 5019 842 5183 liiiminus,
861 5093 943 5167 fra·
980 5106 1022 5169 ut
1048 5094 1297 5193 agnoscimus
1318 5117 1397 5167 nou
1419 5090 1525 5164 iliud
1547 5114 1626 5165 esse

398 5192 492 5265 tres?
508 5191 689 5284 Christus,
709 5196 791 5268 siue
808 5192 939 5285 dubio,
978 5192 1174 5291 spirituile
1193 5194 1361 5267 triticum
1384 5214 1500 5363 (poam
1522 5190 1625 5267 chri·

401 5292 460 5387 qui
476 5294 551 5366 suis
566 5292 758 5393 discipulis
775 5294 830 5367 ait
849 5319 859 5366 ε
878 5318 944 5366 vos
979 5293 1110 5367 stiinae
1132 5291 1225 5367 fidei
1254 5290 1394 5367 veneri
1421 5288 1469 5365 ile
1499 5314 1622 5364 socca-

323 5386 439 5461 vocotus
479 5416 540 5466 mc
555 5448 567 5483 ,
610 5392 789 5493 Magister
799 5417 811 5485 3
859 5416 941 5465 sum
982 5392 1172 5467 mentum·
1195 5392 1314 5490 Hujus
1339 5390 1454 5465 tritici
1473 5389 1624 5463 mensui-

324 5480 450 5563 iteuim,
481 5492 569 5587 Quae
600 5506 656 5567 cst
685 5492 799 5567 etiam
833 5490 945 5591 hujus
982 5516 1061 5565 ram
1092 5490 1197 5566 vobis
1228 5492 1267 5565 in
1296 5492 1451 5565 nomine
1477 5488 1628 5563 Domini

326 5580 449 5661 llomini
472 5591 642 5666 lumilia‘?
665 5592 853 5667 Nimirum
880 5592 944 5665 illo
979 5592 1127 5684 (lautius,
1145 5592 1289 5691 quoties
1309 5585 1513 5664 illumina'ti
1529 5588 1628 5662 dono

326 5690 943 5793 utquamipsellominusolcmo·
981 5692 1108 5793 guillae
1155 5692 1374 5791 spirituilis,
1421 5686 1628 5763 secundum
