5325 7200
301 2039 315 2274 l

802 949 869 1022 Die
896 974 983 1023 xxv.
1013 952 1114 1049 Sept.
1146 950 1187 1024 ln
1216 950 1328 1027 Festo
1357 953 1394 1027 S.
1424 953 1626 1027 Solemnis.
1982 944 2053 1039 4¹*

1251 1080 1543 1175 abundantiam,
1561 1080 1676 1158 etiam
1695 1080 1735 1159 in
1751 1082 1828 1177 illa,
1846 1109 1931 1184 quae
1947 1086 2047 1161 ultra

690 1164 770 1227 ΝΕ
790 1165 906 1230 ΧΧῙῙ·
1252 1212 1323 1264 vos
1345 1202 1446 1282 sunt,
1473 1188 1744 1288 evangelizare,
1760 1214 1841 1267 non
1859 1190 1898 1267 in
1922 1192 2046 1267 aliana

702 1298 734 1343 ΙΝ
757 1296 875 1347 FESTO
1251 1294 1381 1392 ragula
1405 1294 1444 1369 in
1459 1294 1505 1369 iis
1520 1319 1607 1396 quae
1628 1303 1841 1395 praeparata
1865 1313 1953 1373 sunt
1973 1298 2051 1396 glo·

501 1388 571 1463 SS.
600 1387 846 1466 MAURITII
872 1389 943 1463 ET
966 1389 1078 1465 SOC·
1251 1400 1355 1477 riari.
1373 1401 1452 1497 Qui
1466 1416 1594 1477 autem
1607 1400 1803 1501 gloriatur,
1820 1403 1859 1478 in
1875 1404 2045 1481 Domino

682 1527 902 1583 murmuri.
1251 1508 1444 1607 glorietur.
1459 1510 1551 1585 Non
1564 1508 1666 1583 enirn
1681 1508 1746 1608 qui
1759 1516 1930 1609 seipsum
1946 1535 2051 1587 com·

293 1585 296 1594 Ι
432 1618 484 1694 Ut
498 1616 536 1691 in
553 1616 721 1692 Missali.
740 1639 780 1711 p.
794 1614 883 1708 462.
1252 1614 1422 1709 mandat,
1448 1615 1509 1691 ille
1530 1617 1715 1714 probatus
1738 1630 1815 1691 est:
1843 1616 1910 1692 sed
1932 1642 2049 1717 quem

1253 1726 1357 1799 Deus
1372 1722 1634 1799 commandat.

690 1808 768 1872 ΝΕ
790 1807 902 1871 XXV·
1296 1830 1501 1906 Graduale.
1518 1830 1660 1905 Psalm.
1678 1831 1737 1927 96.
1754 1831 2050 1907 Conlundantur

702 1938 738 1986 ΙΝ
763 1936 880 1986 FESTO
1252 1959 1388 2010 omnes
1416 1934 1481 2035 qui
1505 1934 1670 2011 adorant
1691 1936 1897 2035 sculptilia,
1924 1941 1957 2012 &
1982 1937 2048 2036 qui

550 2030 742 2107 SANCTI
768 2031 1036 2108 SOLEMNIS
1251 2040 1462 2137 gloriantur
1473 2041 1512 2117 in
1524 2041 1738 2117 simulacris
1752 2040 2051 2143 suiszquoniam

442 2166 610 2219 cinnor.
636 2165 755 2217 ausc.
786 2168 835 2217 ar
860 2164 1130 2219 conrnssorus.
1251 2147 1444 2223 Dominus
1458 2150 1666 2225 altissimus
1681 2174 1798 2249 super
1811 2172 1969 2225 omnem
1982 2166 2051 2225 ter-

558 2256 753 2332 Introitus.
781 2258 922 2333 Psalm.
952 2261 1012 2353 54.
1252 2277 1349 2329 ram.
1368 2258 1406 2350 pl.
1435 2256 1577 2332 Psalm.
1599 2258 1660 2353 95.
1690 2254 1888 2351 Quoniam
1913 2280 2049 2332 omnes

446 2425 456 2438 ,
616 2383 705 2435 cca
739 2360 917 2458 elongavi
950 2359 1196 2458 ffigiens,&
1251 2360 1303 2459 dii
1327 2360 1496 2459 gentium
1520 2361 1738 2438 daemonia:
1765 2362 1956 2437 Dominus
1979 2389 2047 2439 au-

414 2461 542 2520 ’Ἦ
616 2466 741 2542 mansi
761 2466 801 2542 in
820 2467 1053 2543 solitudine:
1079 2491 1194 2567 expe·
1250 2484 1328 2543 tem
1361 2469 1482 2543 coelos
1522 2468 1623 2543 fecit.
1663 2470 1840 2569 Allelirja,
1882 2470 2045 2571 alleluja.

315 2561 318 2572 '
418 2557 437 2621 '⁴
472 2520 573 2654 irhvf
616 2573 1117 2674 &abameumquisalvum
1131 2598 1194 2649 me
1245 2578 1284 2669 lt.
1302 2576 1418 2651 Rom.
1454 2578 1509 2649 15.
1540 2574 1765 2649 Confitabor
1788 2573 1855 2649 tibi
1879 2574 1917 2649 in
1935 2576 2050 2674 genti·
2147 2598 2150 2607 ·

314 3383 319 3623 l

411 2647 505 2755 ἑξ
543 2633 574 2738 ‘'ss
614 2680 705 2756 iecit
733 2705 756 2755 a
784 2679 1096 2780 pusillanimitate
1122 2688 1195 2780 spi·
1250 2681 1336 2774 bus,
1358 2680 1539 2774 Domine,
1556 2685 1589 2757 u
1607 2680 1756 2756 nomini
1777 2696 1845 2757 tuo
1866 2684 2045 2759 cantabo.

392 2786 486 2859 ritus
503 2788 539 2861 a
563 2795 802 2885 tempestate.
819 2792 882 2863 Ps.
907 2791 999 2865 ibid.
1027 2786 1192 2881 Exaudi,
1248 2788 1424 2887 alleluja.

392 2894 512 2983 Deus,
525 2892 743 2968 orationem
759 2892 1195 2997 meam‚&nedespaxe-
1245 2896 1295 2993 tp
1317 2893 1523 2993 Sequentia
1545 2892 1664 2969 sancii
1689 2894 1887 2992 Evangelii
1910 2905 2047 2972 secun·

391 2998 444 3073 ris
478 2998 798 3098 deprecationem
835 3024 995 3075 meam:
1037 2999 1192 3077 intande
1418 2999 1512 3073 dum
1526 3002 1687 3075 Lucam.
1704 3002 1797 3073 Luc.
1821 3024 1877 3093 14.

394 3104 500 3197 mihi,
515 3108 549 3180 a
564 3106 706 3181 exaudi
722 3131 798 3183 me.
813 3113 854 3204 p.
880 3106 1012 3183 Gloria
1028 3107 1141 3183 Patri.
1299 3134 1323 3182 n
1336 3106 1401 3182 illo
1413 3114 1585 3206 tempore
1600 3131 1607 3179 :
1623 3102 1726 3181 Dixit
1736 3108 1756 3181 J
1761 3130 1848 3181 esus
1859 3109 1909 3183 ad
1923 3110 2049 3209 Legis·

712 3215 861 3292 Oratio.
1321 3212 1740 3314 peritos&Pharisaeos
1759 3238 1766 3286 :
1788 3215 1888 3289 Cum
1913 3215 2050 3292 invita-

476 3343 565 3411 aus,
580 3317 649 3417 qui
667 3317 786 3395 sanali
806 3318 1010 3411 Solemnis,
1034 3321 1194 3395 Conles-
1250 3334 1311 3395 tus
1325 3320 1442 3395 iheris'
1461 3318 1511 3394 ad
1532 3316 1699 3417 nuptias,
1721 3342 1800 3393 non
1824 3319 2049 3399 discambas

395 3340 472 3507 D
501 3424 603 3501 soris
623 3424 678 3501 tui
695 3441 810 3526 atque
827 3425 1037 3517 Pontificis‚
1050 3435 1197 3502 memo·
1250 3425 1289 3501 in
1308 3426 1435 3526 primo
1450 3428 1552 3517 loco,
1577 3448 1624 3499 ne
1649 3425 1745 3499 forte
1768 3425 1995 3505 honoratior
2014 3446 2049 3504 te

394 3531 487 3608 riam
506 3532 711 3632 multiplici
728 3531 913 3609 virtutum
938 3532 1058 3632 gloria
1078 3558 1194 3608 vene·
1251 3532 1300 3608 sit
1314 3532 1495 3609 invitatus
1508 3533 1557 3608 ab
1574 3530 1639 3607 illo
1650 3556 1661 3624 ;
1684 3530 1895 3608 &veniens
1914 3534 1959 3628 is,
1985 3534 2050 3636 qui

395 3640 554 3716 rabilem
575 3638 788 3740 &populis
811 3639 932 3715 fecisti
955 3644 989 3715 δι
1013 3640 1194 3740 principi·
1251 3645 1332 3716 te&
1350 3640 1458 3715 illum
1471 3637 1641 3730 vocavit,
1658 3636 1761 3712 dicat
1777 3637 1866 3714 tibi:
1885 3643 1943 3716 Da
1960 3642 2050 3717 huic

394 3749 489 3822 bus:
519 3746 697 3821 concede
722 3746 936 3847 propitius3
959 3762 1003 3822 ut
1024 3746 1123 3823 sicut
1143 3746 1196 3821 illi
1251 3748 1381 3822 locum
1411 3773 1419 3822 :
1447 3751 1480 3822 δι
1502 3761 1592 3821 tunc
1616 3743 1776 3842 incipias
1798 3769 1888 3819 cum
1909 3749 2050 3824 rubore

395 3854 629 3928 eminentem
653 3851 813 3951 gratiam
834 3853 1047 3946 contulisti,
1067 3854 1120 3930 sic
1145 3853 1195 3930 ad
1251 3852 1507 3929 novissimum
1540 3852 1670 3926 locuni
1697 3857 1839 3932 tenare.
1862 3853 1937 3928 Sed
1960 3878 2050 3930 cum

395 3959 713 4060 consequendam
741 3959 1046 4036 misericordiam
1072 3977 1192 4054 tuam,
1251 3967 1413 4034 vocatus
1432 3957 1563 4050 fueris,
1584 3956 1700 4050 vnde,
1718 3959 1902 4032 recumbe
1924 3959 1963 4034 in
1980 3985 2050 4036 no·

395 4069 472 4168 ejus
486 4089 562 4142 nos
577 4064 698 4141 facias
715 4065 896 4166 precibus
915 4066 1103 4168 adjuvari.
1123 4070 1196 4143 Per
1251 4065 1412 4140 vissimo
1436 4065 1542 4157 loc0‚
1563 4078 1623 4154 ut,
1647 4087 1736 4138 cum
1760 4063 1908 4140 venerit
1928 4065 1992 4166 qui
2016 4081 2051 4142 te

396 4173 625 4248 Dominum.
1250 4171 1437 4264 invitavit,
1464 4169 1566 4246 dicat
1584 4169 1681 4246 tibi:
1707 4174 1859 4263 Amice,
1883 4172 2049 4247 ascande

397 4279 526 4357 Lectio
554 4279 739 4377 Epistolae
765 4279 865 4354 beati
891 4279 997 4354 Pauli
1019 4281 1195 4379 Apostoli
1252 4277 1440 4379 superius.
1460 4279 1572 4352 Tunc
1593 4276 1663 4350 erit
1684 4273 1751 4350 tibi
1770 4275 1892 4374 gloria
1915 4302 2049 4353 coram

503 4385 557 4462 ad
578 4385 814 4462 Corinthios.
838 4390 883 4462 ll.
902 4391 991 4463 Cor.
1016 4411 1073 4461 ιο.
1251 4384 1365 4462 simul
1376 4383 1706 4461 discumbantibus
1720 4409 1728 4457 :
1743 4381 1834 4482 quia
1845 4384 1972 4460 omnis
1984 4383 2050 4484 qui

466 4518 612 4569 nnrnes
641 4519 648 4566 :
676 4494 768 4569 Non
792 4492 981 4569 audemus
1002 4490 1193 4588 insarere‚
1251 4517 1292 4567 se
1309 4493 1461 4584 exaltat,
1476 4487 1740 4566 humiliabitur
1745 4514 1756 4582 ;
1777 4493 1810 4564 a
1830 4489 1896 4589 qui
1917 4515 1958 4566 se
1976 4490 2048 4566 hu-

388 4517 457 4683 F
502 4614 573 4674 aut
595 4608 825 4698 comparare
848 4623 920 4674 nos
944 4597 1193 4700 quibusdam,
1251 4597 1384 4690 miliat,
1403 4597 1643 4672 exaltabitur.

397 4706 461 4806 qui
483 4711 636 4805 seipsos
658 4705 952 4798 commendam
970 4704 1037 4779 sed
1061 4706 1133 4806 ipsi
1157 4708 1196 4782 in
1293 4705 1553 4784 Offertorium.
1597 4711 1712 4784 Rom.
1765 4714 1822 4785 15.
1878 4701 2052 4778 Minister

397 4813 510 4889 nobis
527 4819 788 4912 nosmetipsos
802 4811 1016 4906 metiantes,
1032 4816 1066 4886 a
1086 4838 1196 4889 com·
1252 4835 1339 4886 sum
1355 4808 1495 4885 Christi
1510 4809 1547 4884 in
1561 4806 1751 4908 gentibus
1765 4823 1807 4882 ut
1823 4809 1890 4883 fiat
1906 4809 2050 4884 oblatio

398 4927 580 5020 parantes
601 4925 859 5019 nosmetipsos
878 4918 1004 4994 nobis.
1022 4920 1106 4994 Nos
1127 4945 1196 4995 au·
1252 4915 1421 5016 gentium
1434 4923 1592 5016 accapta
1607 4919 1640 4990 a
1653 4913 1889 4990 sanclificata
1908 4913 1947 4990 in
1965 4918 2050 5016 Spi-

398 5043 474 5102 tem
502 5050 583 5101 non
605 5025 645 5101 in
665 5026 899 5101 immansum
922 5023 1194 5124 gloriabimur;
1252 5024 1325 5100 ritu
1341 5024 1485 5100 sanilo

399 5135 466 5210 sed
482 5133 698 5209 secandum
714 5141 938 5209 mensuram
951 5135 1105 5232 ragulae,
1121 5160 1198 5234 qua
1559 5133 1723 5209 Secreta.

399 5267 559 5318 mensus
587 5255 644 5316 est
675 5240 788 5318 nobis
822 5244 941 5333 Deus,
972 5249 1197 5317 mensuram
1339 5261 1424 5329 eus,
1446 5234 1511 5336 qui
1531 5235 1687 5310 beatum
1708 5235 1930 5311 Sole'mnem
1952 5237 2052 5310 Pon·

399 5347 637 5450 pertingendi
654 5373 777 5448 usque
799 5347 850 5422 ad
871 5369 956 5422 vos.
981 5347 1074 5422 Non
1095 5347 1197 5422 enim
1360 5342 1502 5419 tificem
1528 5365 1627 5417 onus
1651 5339 1892 5416 sacerdotale
1919 5339 2051 5416 formi-

399 5455 511 5557 quasi
526 5479 605 5532 non
615 5454 869 5555 pertingantes
887 5454 938 5529 ad
956 5477 1043 5548 vos,
1065 5481 1198 5555 super·
1254 5453 1410 5529 dantem
1423 5447 1645 5524 confortasti
1655 5474 1666 5542 ;
1684 5471 1926 5556 ‘quaesumus
1941 5463 1984 5522 ut
2002 5445 2052 5522 ad

399 5563 643 5640 extandimus
668 5587 765 5638 nos:
786 5587 911 5663 usque
929 5561 980 5638 ad
1004 5585 1076 5637 vos
1096 5563 1198 5637 enim
1254 5554 1513 5635 sanctuarium
1539 5567 1649 5628 tuum
1674 5556 1754 5652 ejus
1781 5551 1958 5652 exemplo
1982 5577 2050 5652 pa-

399 5676 647 5773 pervenimus
659 5669 697 5744 in
710 5667 920 5767 Evangalio
937 5667 1089 5744 Christi.
1107 5671 1199 5745 Non
1253 5674 1355 5758 vere,
1375 5668 1592 5762 &praesens
1607 5658 1840 5734 sacrificium
1855 5655 1961 5757 puris
1985 5657 2052 5734 tibi

400 5779 439 5854 in
453 5777 688 5853 immensum
709 5774 913 5875 gloriantes
932 5775 972 5851 in
996 5774 1129 5850 alianis
1149 5774 1200 5851 la·
1254 5771 1447 5848 mantibus
1465 5767 1602 5843 offerre
1624 5773 1857 5840 mereamur.
1880 5765 1965 5838 Per.

400 5884 587 5962 boribus:
611 5907 720 5985 spem
748 5897 878 5959 autem
900 5883 1088 5958 habentes
1115 5907 1198 5958 cre·
1291 5871 1541 5953 Communio.
1572 5878 1599 5949 l.
1626 5875 1766 5949 Thess.
1791 5899 1826 5950 2.
1861 5869 1965 5948 Facti
1989 5894 2054 5944 su-

401 5991 542 6068 scantis
560 5990 651 6067 fidei
666 6006 817 6082 vestra,
832 5989 871 6065 in
890 5989 1004 6066 vobis
1023 5989 1198 6087 magnifi-
1256 6012 1343 6062 mus
1364 5981 1513 6088 parvuli
1534 5979 1573 6057 in
1594 5979 1722 6056 madio
1745 5991 1934 6070 vestrum,
1954 5993 2053 6053 tam-

402 6099 480 6174 cari
512 6096 727 6174 secundum
759 6097 930 6196 regulam
959 6112 1132 6172 nostram
1159 6096 1199 6173 in
1255 6119 1373 6196 quam
1389 6093 1420 6169 si
1433 6090 1557 6168 nutrix
1572 6091 1701 6166 foveat
1714 6087 1815 6164 lilios
1830 6109 1936 6162 suos.
