5325 7200
1039 986 1084 1055 ts
1206 994 1211 1005 ⁴
1241 988 1302 1057 liic
1322 984 1373 1078 iij.
1394 980 1634 1079 Septembris,
1668 978 2149 1055 [teoctavaS.tta11suctt.

1037 1146 1136 1199 rum.
1157 1120 1317 1209 Oribat,
1354 1120 1565 1221 'ejundbat,
1585 1120 1685 1197 elce⁴
1936 1122 2061 1193 Lectio
2081 1120 2157 1211 viij.

1036 1222 1211 1321 mdsynas
1245 1220 1341 1295 facie
1396 1235 1422 1295 t.
1461 1223 1547 1297 Non
1576 1221 1684 1295 iilum
1757 1241 1964 1307 inquirunt
2000 1221 2066 1319 qui
2100 1216 2309 1295 crediderit
2338 1235 2376 1295 et

1035 1320 1202 1395 destruit
1217 1322 1330 1413 Deus,
1347 1322 1518 1421 quamvis
1532 1321 1573 1393 in
1587 1318 1684 1393 Gen·
1722 1236 2014 1417 §baptimus
2054 1318 2201 1412 fixerit,
2247 1318 2375 1395 salvus

1037 1418 1136 1493 tibus
1149 1420 1412 1511 constitnitum
1427 1433 1467 1495 et
1481 1418 1617 1493 missus
1630 1432 1686 1493 est
1718 1417 1793 1491 erit
1812 1446 1821 1489 :
1849 1420 1913 1516 qui
1929 1442 2019 1492 vero
2042 1442 2119 1491 non
2138 1418 2370 1507 crediderit,

1035 1520 1068 1592 ei
1103 1518 1267 1620 Angelus
1301 1520 1368 1617 qui
1401 1518 1457 1593 ilii
1490 1518 1686 1593 nuntidret
1718 1515 2050 1591 condemndbitur.
2074 1518 2246 1593 Fortdsse
2269 1518 2373 1615 apud

1035 1618 1137 1717 quod
1165 1617 1410 1719 eicemdsynae
1434 1631 1473 1693 et
1497 1617 1684 1692 oraticnes
1717 1616 1960 1732 semetipsum
1996 1616 2098 1691 dicet
2134 1644 2143 1691 ε
2180 1616 2263 1717 Ego
2289 1618 2370 1715 jam

1035 1717 1152 1816 ipsius
1181 1717 1343 1815 accdptae
1384 1717 1547 1791 fuissent
1583 1713 1683 1815 apud
1717 1714 2025 1809 credid1‚satvus
2050 1723 2127 1789 e'ro.
2147 1715 2293 1793 Verum
2312 1716 2372 1791 di·

1035 1818 1186 1891 licum:
1207 1814 1393 1907 credidit,
1424 1814 1608 1891 advocdto
1634 1814 1683 1889 ad
1717 1815 1791 1902 cit,
1826 1816 1857 1889 si
1888 1814 2005 1889 fidem
2036 1813 2213 1914 operibus
2248 1830 2368 1889 tenet.

1032 1940 1074 2013 se
1089 1918 1213 1990 Petro.
1233 1918 1331 1991 Num
1360 1914 1426 1989 uid
1442 1939 1520 1990 non
1537 1917 1685 2015 pdterat
1716 1913 1816 1990 Vera
1833 1906 1974 1988 e'tenim
1996 1912 2091 1988 fides
2116 1927 2198 2008 est,
2219 1940 2307 2013 quae
2332 1916 2371 1987 in

1034 2038 1124 2089 eum
1165 2014 1301 2089 docere
1376 2015 1543 2116 ngelus?
1584 2016 1685 2090 Misit
1716 2010 1790 2087 hoc
1807 2013 1910 2113 quod
1926 2012 2049 2088 verbis
2064 2013 2178 2106 dicit,
2198 2013 2370 2087 mciribus

1034 2112 1142 2188 illurn
1161 2113 1209 2187 ad
1223 2116 1397 2205 Petrum,
1425 2128 1470 2187 ut
1481 2115 1600 2215 magis
1616 2138 1685 2214 per
1717 2135 1796 2185 non
1814 2112 2053 2187 contradicit.
2073 2114 2172 2199 Hinc
2189 2126 2247 2187 est
2265 2114 2368 2186 enim

1034 2211 1228 2287 hdminem
1249 2213 1302 2287 illi
1330 2212 1424 2286 fides
1440 2213 1574 2303 tieret,
1595 2214 1684 2312 quia
1717 2212 1819 2309 quod
1837 2212 1885 2285 de
1910 2213 2011 2285 falsis
2028 2211 2203 2287 fidelibus
2230 2212 2370 2285 Pauins

1034 2309 1208 2387 hdmines
1232 2311 1410 2413 dignitus
1438 2328 1522 2387 erat
1553 2313 1684 2387 anri·
1717 2310 1811 2385 dicit
1837 2311 1935 2406 :Qui
1957 2311 2160 2386 confitetur
2176 2336 2217 2386 se
2243 2314 2368 2385 Deum

1033 2411 1296 2501 nusvisic'ne,
1318 2436 1390 2487 nec
1405 2409 1685 2513 dedignabitur
1717 2434 1851 2503 nosse,
1880 2424 1918 2485 et
1951 2410 2132 2485 manddta
2170 2411 2251 2509 ejus
2292 2436 2369 2485 non

1034 2506 1171 2589 doecre
1188 2510 1685 2614 pcrhdminemquidignci·
1717 2510 1918 2602 custridit‚
1954 2508 2117 2583 mendax
2159 2525 2229 2585 est.
2275 2512 2369 2584 Cum

1035 2621 1095 2685 tus
1112 2622 1168 2685 est
1184 2632 1264 2685 esse
1278 2610 1410 2690 homo.
1717 2610 1818 2683 enim
1838 2610 1892 2683 ita
1907 2609 1975 2701 sit,
1993 2609 2090 2683 fidei
2107 2623 2245 2683 nostrae
2268 2610 2368 2684 veri-

1162 2718 1203 2790 ln
1221 2716 1332 2790 tertio
1349 2716 1553 2793 Nocturnp.
1718 2708 1833 2781 tritem
1851 2710 1890 2781 in
1906 2708 1990 2783 vitae
2005 2725 2142 2785 nostrae
2157 2708 2367 2784 considera·

1039 2810 1160 2889 icctio
1178 2808 1298 2885 sancti
1321 2808 1515 2912 Evangelii
1547 2808 1683 2885 secrin·
1718 2806 1819 2883 sitne
1832 2807 2016 2883 debemus
2029 2808 2247 2909 agndscere.
2259 2811 2368 2881 Tunc

1199 2905 1293 2983 dum
1309 2910 1492 2985 Marcum.
1717 2908 1819 2981 enim
1836 2904 2167 2982 verriciterfiddies
2187 2932 2323 2981 sumus
2340 2910 2368 2981 si

1157 3016 1282 3087 Lectio
1300 3014 1464 3110 vij.Cap.
1495 3010 1555 3085 tt.
1717 3005 1820 3104 quod
1836 3006 1959 3081 verbis
1976 3007 2259 3105 promittimus,
2276 3008 2367 3107 ope·

1076 3134 1098 3183 rr
1125 3106 1191 3183 itto
1215 3104 1386 3208 tdmpom
1412 3136 1422 3183 :
1449 3109 1553 3182 Dixit
1575 3108 1682 3183 Jesus
1717 3104 1821 3181 ribus
1837 3106 2083 3207 compldmus.

1039 3128 1077 3295 Ι
1101 3204 1293 3305 discipulis
1317 3208 1393 3281 suis
1426 3234 1437 3281 ε
1462 3208 1605 3283 Edutes
1641 3209 1682 3281 in
1771 3218 1824 3288 De
1841 3217 1878 3289 S.
1900 3210 2114 3286 Gaureiino.
2139 3210 2265 3280 iretic
2285 3211 2315 3277 ir

1034 3305 1222 3381 mundum
1239 3306 1682 3406 univdrsum,praedicdte
1793 3330 1986 3397 numurus,
1999 3304 2241 3380 nobilissimis
2254 3305 2367 3379 Fran·

1031 3404 1279 3508 Evangdlium
1295 3406 1401 3481 omni
1418 3408 1613 3483 creatdrae.
1633 3410 1683 3485 Et
1794 3404 2121 3501 cdrumnctdiibus
2137 3418 2302 3497 crtus‚et
2319 3408 2367 3477 in·

1032 3504 1190 3606 re'iiqua.
1716 3521 1775 3582 ter
1791 3508 1897 3608 regni
1915 3506 2091 3605 prdceres
2107 3505 2251 3604 dptime
2270 3504 2368 3578 edu·

1031 3605 1196 3680 Homiiia
1217 3607 1338 3682 sancti
1363 3605 1536 3710 Gregdrii
1554 3610 1678 3708 Papae.
1715 3609 1844 3695 esitus,
1865 3605 2031 3707 Drogdni
2048 3605 2260 3680 laeucdrum
2281 3607 2368 3704 Epi·

1251 3711 1366 3782 Hom.
1395 3709 1457 3782 29.
1714 3733 1828 3806 scopo
1869 3703 2074 3796 successit,
2118 3728 2197 3778 non
2239 3707 2368 3778 minus

1032 3815 1281 3988 Drcrrun
1313 3833 1322 3878 :
1350 3805 1551 3905 praedicdte
1574 3808 1680 3880 omni
1715 3831 1824 3880 arnor
1853 3829 1968 3905 quarn
1991 3803 2049 3878 sui
2072 3805 2197 3905 gregis
2220 3818 2365 3902 pastor.

1127 3903 1335 3995 creatrirae,
1355 3919 1399 3980 ut
1414 3905 1556 3980 scilicet
1572 3931 1596 3980 a
1610 3908 1680 3980 Ju·
1714 3905 1886 3982 Pdntifex
1914 3901 2111 3978 ordindtus
2122 3960 2132 3995 ‚
2164 3900 2305 3977 urbem
2330 3917 2368 3977 et

1031 3999 1113 4073 daes
1131 4001 1394 4101 Apostolrirum
1416 4005 1566 4120 repdlsa
1587 4031 1681 4105 με·
1714 4005 1909 4080 eccidsiam
1934 3998 2050 4078 rebus
2069 4002 2193 4090 auxit,
2212 4004 2367 4102 sapic'n·

1031 4099 1171 4174 dicdtio
1201 4115 1292 4178 tunc
1322 4102 1433 4178 nobis
1457 4129 1498 4178 rn
1527 4103 1680 4204 adjutri-
1717 4107 1769 4179 tia
1784 4104 1993 4194 decordvit,
2008 4101 2366 4227 etproviddntidis-

1030 4199 1129 4272 rium
1147 4199 1280 4292 fieret,
1313 4229 1401 4278 cum
1425 4203 1524 4278 hanc
1547 4205 1613 4278 itta
1629 4205 1679 4280 ad
1714 4205 1934 4303 pensatidne
1959 4203 2136 4277 munivit.
2164 4203 2243 4276 Nec
2261 4203 2303 4274 in
2324 4204 2366 4274 iis

1029 4296 1283 4374 damnatidnis
1317 4328 1392 4376 suae
1421 4304 1677 4380 testimdnium
1712 4305 1818 4380 stetit
1856 4304 1976 4377 sancti
2018 4300 2206 4376 Antistttis
2246 4301 2362 4374 zelus.

1028 4395 1191 4496 superba
1230 4425 1270 4474 re
1300 4401 1438 4476 uiissct.
1476 4402 1550 4475 Sed
1588 4429 1677 4478 cum
1713 4403 1888 4478 Crinscius
1904 4401 2007 4476 enim
2024 4416 2209 4500 quantum
2228 4399 2280 4474 ad
2298 4403 2364 4474 Ec·

1028 4493 1230 4610 discipulos
1243 4425 1297 4572 ad
1309 4500 1590 4600 praedicdndum
1608 4504 1678 4579 Ve'·
1712 4503 1832 4577 clesiae
1864 4500 2107 4600 spienddrem
2141 4515 2181 4575 ct
2213 4501 2366 4600 pietdtis

1028 4607 1120 4668 ritas
1157 4597 1304 4690 mittit,
1350 4599 1442 4700 quid
1482 4600 1586 4674 dliud
1636 4604 1677 4677 in
1712 4602 1991 4676 incremdntum
2024 4600 2217 4675 cortidrret
2260 4613 2365 4674 recta

1028 4693 1172 4770 mundo
1197 4697 1314 4790 facit,
1336 4701 1407 4774 nisi
1424 4724 1544 4802 grans
1561 4702 1675 4778 stimi·
1712 4701 2028 4776 monasteririrmn
2059 4701 2273 4789 iustitium,
2305 4699 2365 4772 la·-

1027 4794 1087 4868 nis
1120 4797 1294 4898 spargit?
1324 4799 1374 4873 Et
1404 4823 1525 4899 pauca
1558 4827 1677 4901 grana
1711 4827 1818 4902 psam
1836 4803 1876 4875 in
1902 4800 2075 4900 phinimis
2097 4799 2272 4874 Eccle'siae
2289 4823 2365 4872 suae

1027 4894 1146 4968 mittit
1160 4896 1201 4968 in
1218 4895 1382 4988 semine,
1409 4913 1453 4972 ut
1470 4899 1675 4974 multirum
1711 4900 1891 4975 coendbiis
1908 4899 2159 4998 disciplinam,
2175 4897 2363 4974 sanctissi-

1028 4993 1203 5068 me'ssium
1255 4995 1385 5098 fruges
1433 4998 1591 5098 recipiat
1631 5027 1677 5074 ex
1711 5001 1782 5074 mis
1798 4999 1986 5074 accersitis
2000 4999 2103 5090 viris,
2122 4997 2359 5073 restaursivit.

1028 5105 1157 5166 nostra
1186 5093 1273 5168 fide.
1308 5098 1440 5197 Neque
1470 5098 1610 5172 etenim
1635 5102 1676 5174 in
1712 5097 1887 5174 Phiribus
1909 5097 2083 5173 inte'riuit
2103 5097 2296 5185 conciliis,
2317 5123 2362 5170 ac

1029 5191 1201 5268 universo
1217 5195 1362 5270 mundo
1383 5209 1489 5270 tanta
1505 5197 1677 5275 fide'lium
1713 5200 1811 5273 inter
1827 5213 1962 5274 caetera
1977 5196 2207 5274 Virdune'nsi
2224 5209 2265 5271 et
2281 5198 2362 5270 Mo-

1030 5291 1158 5364 messis
1187 5294 1410 5395 exdrgeret,
1439 5295 1534 5370 side
1560 5323 1677 5374 manu
1712 5299 1883 5374 comensi.
1910 5297 2082 5371 Tandem
2113 5310 2198 5395 post
2222 5296 2361 5370 multos

1028 5390 1181 5464 deini
1212 5417 1254 5466 su
1283 5417 1325 5468 er
1349 5395 1572 5470 rationrilem
1600 5412 1678 5474 ter·
1712 5400 1752 5470 in
1770 5396 1907 5471 Christi
1931 5397 2067 5490 militia
2083 5395 2245 5484 lenires,
2266 5419 2361 5494 qua·

1030 5489 1208 5605 camilia
1238 5419 1358 5568 ede'cta
1387 5519 1508 5594 grana
1541 5496 1678 5597 praedi·
1712 5496 1921 5588 drienndli‚
1951 5520 2065 5597 quem
2141 5495 2361 5570 tientissimc

1030 5587 1199 5666 cdntrum
1215 5594 1508 5672 convenissent.
1712 5595 1812 5692 tulit,
1826 5596 2006 5698 langudrc
2020 5621 2088 5697 pro
2115 5596 2212 5684 dtus,
2229 5593 2361 5696 plenus
