5325 7200
554 483 580 533 0

317 659 464 846 aa

1067 1171 1236 1252 MISSAE
1267 1173 1509 1252 Plronnnn

522 1313 527 1323 ⁵
601 1351 1147 1608 sinuessa
1220 1425 2025 1634 nnonnnnnsrs..

647 1969 704 2020 nin
733 1969 833 2020 unni.
857 1967 994 2021 nttti'rn.

738 2073 773 2124 ΙΝ
802 2071 913 2126 FESTO

500 2153 543 2232 B.
564 2152 781 2237 JOSEPHl
809 2153 972 2235 ORIOL
991 2153 1141 2236 CONF.

462 2271 595 2366 Missa,
632 2270 686 2348 Os
711 2261 824 2366 justi,
858 2273 907 2348 rte
935 2273 1090 2351 Gomm.
1119 2275 1233 2352 tlont'.

413 2403 495 2458 non
520 2381 634 2458 Pont.

749 2489 899 2579 Oratio.

410 2609 558 2778 Dans,
578 2593 647 2694 qui
664 2589 1056 2694 beetumJoseptrum
1072 2589 1234 2670 Confes-

496 2699 629 2778 serem
654 2709 767 2778 tuum
788 2699 961 2778 mirebili
984 2699 1235 2779 abstinentiae

333 2805 337 2814 ’
407 2809 530 2906 done,
548 2819 587 2886 et
605 2809 855 2889 curatienum
872 2809 998 2910 gretia
1014 2808 1231 2888 decoresti:

407 2917 608 3015 concede;
632 2925 675 2996 ut
704 2917 879 3020 acutpis
910 2915 1157 2996 abstinentes
1192 2917 1230 2994 in

407 3025 539 3124 terris,
562 3025 806 3130 poenitentiae
821 3017 1031 3129 praemi'um
1050 3026 1234 3127 asseque-

407 3155 498 3213 mur
511 3135 552 3212 in
571 3135 694 3214 coelis.
712 3133 784 3214 Per
803 3135 1034 3215 Deminum.

732 3249 905 3328 Secreta.

478 3377 632 3450 omnm,
656 3351 844 3450 Domine,
867 3353 988 3433 corda
1008 3361 1144 3432 nostra
1157 3380 1168 3444 3
1190 3362 1232 3428 ut

407 3369 472 3538 Ρ
495 3485 575 3566 qua
594 3461 767 3566 puritete
782 3461 922 3540 boetus
938 3461 1138 3568 iosephus
1154 3483 1229 3538 coe-

406 3563 544 3649 testem
572 3567 720 3673 ebtulit
750 3569 965 3674 victimam,
988 3547 1127 3647 eedem
1157 3591 1254 3657 nos¹

404 3674 638 3757 offeremus.
663 3678 738 3756 Per
757 3677 991 3757 Deminum.

648 3792 988 3874 Postcommunio.

403 3922 600 4095 fflmou
617 3902 917 4005 tuumepulum,
928 3895 1229 4005 Demine,'quo(l

504 4009 782 4115 eetotosepho
795 4012 992 4115 jejunenti
1008 4011 1228 4115 temporete

404 4122 574 4225 praebuit
599 4120 848 4218 alimentum,
875 4123 1068 4201 aeternum
1094 4120 1225 4215 nobis,

403 4242 442 4309 ta
471 4230 701 4325 miserente,
734 4230 937 4330 largietur.
976 4225 1050 4305 Per
1093 4226 1226 4305 Demi-

402 4361 512 4416 num.

402 4516 459 4531 a

672 4586 730 4639 um
750 4558 840 4641 iun.
860 4586 952 4639 unu.
1106 4546 1110 4555 ’

614 4684 650 4737 ru
675 4684 782 4741 rusro
811 4683 1013 4739 sancroauu

432 4715 726 4867 'cononum
749 4766 1183 4865 onrnsnnonna

399 4904 568 4979 succum,
616 4902 821 4983 ruotpern,
868 4902 1018 4977 cneum,
1064 4902 1227 4957 nnsrcuu

451 5012 494 5065 nr
515 5010 702 5063 nrrnausu
719 5008 958 5062 errscoroauu
970 5008 1174 5063 unumuu.

566 5166 571 5177 .
618 5104 823 5199 introitus.
847 5096 950 5173 nan.
972 5099 1008 5171 5·

409 5245 453 5288 aa
479 5240 508 5314 '.
554 5226 778 5283 tremores
797 5202 890 5293 Dei,
909 5202 1132 5283 benedicite
1147 5204 1224 5283 De

403 5286 573 5500 teu
596 5312 1224 5517 cunmittaturne

403 5559 406 5569 ·
438 5491 572 5593 matt
596 5525 689 5624 mia,
716 5526 889 5605 auena.
915 5542 951 5639 p,
978 5542 1077 5617 niu
1098 5526 1222 5607 nene-

397 5630 531 5731 dicite,
545 5633 681 5724 emnia
698 5636 819 5737 epera
837 5634 1013 5731 Demini‚
1031 5635 1217 5715 Demino:

397 5740 555 5821 tondete
582 5752 622 5821 et
652 5740 942 5845 superexaltete
968 5767 1060 5822 eum
1089 5745 1130 5821 in
1150 5768 1220 5824 sae·

396 5844 498 5928 culn.
526 5868 563 5963 p,
586 5850 721 5931 Gleria
740 5850 860 5931 Patri.

397 6094 547 6267 Duos,
568 6068 637 6170 qui
657 5974 1129 6172 nosiiiiiiieanssimum
1147 6070 1211 6149 Ja-

1176 2049 1181 2060 ·
1332 1947 1431 2047 tum,
1460 1953 1806 2056 Chtesiphentem,
1828 1961 2071 2060 Secirndum,
2093 1963 2156 2041 ln-

1331 2058 1537 2158 daletium,
1563 2063 1796 2166 ‚Caectlium‚
1838 2070 2078 2171 Hesychium
2118 2083 2157 2152 et

1335 2169 1602 2271 Euphresium
1633 2175 1685 2252 ad
1717 2178 1957 2279 agnitienem
1995 2181 2051 2260 tui
2087 2183 2157 2260 ne·

1331 2279 1451 2358 minis
1476 2282 1610 2360 ventre
1640 2283 1812 2364 tribuisti
1833 2315 1841 2364 :
1863 2289 2036 2367 concede
2064 2313 2156 2392 pro-

1332 2387 1477 2488 pitius;
1513 2397 1558 2470 ut
1601 2413 1703 2492 quos
1748 2395 1885 2478 festivo
1920 2398 2157 2478 veneremur

1329 2495 1543 2598 obsequio,
1560 2503 1700 2578 eorum
1721 2501 2059 2584 intercedentibus
2074 2507 2154 2584 me·

1329 2603 1428 2699 ritis,
1467 2606 1616 2686 aeterna
1659 2608 1803 2709 geudia
1844 2614 2151 2714 consequemur.

1329 2712 1404 2790 Per
1421 2713 1653 2794 Dominum.
2196 2798 2199 2802 ,

1406 2821 1644 2902 tectiotibri
1665 2825 1892 2928 Sapientiae.
1914 2835 2007 2936 Sap.
2029 2841 2066 2912 5.

1328 2940 1520 3120 Srraour
1547 2931 1644 3030 justi
1678 2933 1717 3008 in
1757 2955 1898 3038 magna
1929 2936 2152 3015 constentia

1401 3037 1592 3117 adversus
1623 3063 1705 3136 eos,
1726 3043 1801 3142 ‚qui
1838 3065 1880 3120 se
1906 3044 2151 3145 angustiave-

1327 3157 1434 3242 runt,
1455 3154 1495 3224 et
1522 3147 1591 3247 qui
1618 3145 1869 3229 abstulerunt
1896 3150 2056 3231 tuberes
2086 3152 2152 3231 ee·

1327 3277 1430 3330 rum.
1474 3255 1662 3335 videntes
1702 3256 1972 3339 turbabtmtur
2007 3259 2151 3339 timere

1326 3363 2151 3461 horribili,etmirabr'mturinsubitatiene

1325 3469 1537 3572 insperetae
1568 3471 1721 3570 salutis,
1753 3474 1930 3554 dicentes
1959 3477 2064 3555 intra
2091 3501 2148 3574 se,

1325 3578 1601 3679 paenitentiam
1617 3582 1792 3683 agentes,
1813 3589 1853 3661 et
1865 3606 1948 3685 prae
1969 3582 2151 3685 angustia

1324 3686 1489 3787 spiritus
1511 3689 1715 3789 gementes
1736 3720 1745 3764 ε
1766 3690 1817 3768 Hi
1836 3699 1943 3789 sunt,
1962 3715 2065 3795 quos
2082 3694 2150 3770 ho·

1323 3794 1484 3874 birimus
1512 3797 1729 3899 aliquendo
1752 3798 1793 3875 in
1823 3799 2014 3897 derisum,
2035 3808 2076 3879 et
2107 3802 2148 3879 in

1323 3903 1627 3983 similitedinem
1646 3908 1897 4009 improperii.
1920 3908 2000 3987 Nos
2017 3910 2150 3988 insen·

1323 4014 1396 4091 seti
1431 4014 1552 4092 vitam
1575 4014 1737 4093 illerum
1770 4016 2067 4096 aestimabemus
2089 4018 2148 4095 in·

1322 4122 1489 4209 senium,
1508 4131 1546 4199 et
1562 4122 1682 4199 finem
1701 4122 1863 4201 illerum
1877 4126 1962 4202 sine
1977 4126 2145 4204 honere:

1320 4252 1412 4305 ecoe
1441 4228 1644 4324 quemodo
1668 4230 1886 4331 computeti
1920 4242 2013 4309 sunt
2043 4233 2148 4311 inter

1321 4334 1426 4411 titios
1445 4335 1532 4431 Dei,
1554 4344 1591 4413 et
1619 4336 1724 4413 iuter
1754 4344 1914 4415 sanctos
1942 4360 2030 4416 sors
2057 4337 2146 4417 illo·
2192 4389 2197 4397 -

1319 4465 1407 4521 rum
1432 4450 1504 4521 est.

1369 4554 1566 4654 Tempore
1585 4555 1726 4637 Poscit.
1759 4553 1939 4650 Alleluia,
1968 4554 2142 4634 alteleia.

1320 4662 1358 4761 ,a
1386 4660 1572 4757 Posuisti,
1590 4660 1774 4757 Domine,
1791 4684 1912 4762 super
1930 4662 2060 4763 cepita
2078 4664 2144 4741 ee·

1318 4790 1407 4845 rum
1439 4767 1627 4845 corenam
1659 4768 1709 4846 de
1745 4768 1879 4870 lepide
1919 4768 2096 4870 pretioso
2131 4799 2139 4847 :

1316 4876 1489 4955 alteliria,
1519 4880 1557 4977 t.
1590 4877 1725 4955 Sancti
1748 4876 1960 4973 Pontifices
1998 4878 2139 4975 nostri,

1315 4986 1383 5087 qui
1419 5008 1491 5064 nos
1521 4986 1745 5064 docuerunt
1772 4986 1899 5087 legem
1918 4995 2041 5082 tuam,
2062 4987 2141 5064 De·

1313 5094 1435 5189 mine,
1456 5093 1575 5171 hodie
1594 5094 1634 5170 in
1653 5094 1764 5173 coetis
1781 5094 1961 5173 coroneti
1974 5103 2141 5193 regnant

1313 5204 1354 5280 in
1369 5204 1563 5280 aeternnm
1585 5231 1593 5279 :
1615 5202 1789 5281 alleluia.

1310 5310 1362 5415 m
1391 5312 1605 5411 Sequentia
1634 5312 1760 5389 sancti
1784 5310 1983 5413 Evangelii
2000 5309 2138 5389 scorin-

1487 5422 1583 5499 dum
1598 5420 1808 5499 Joennem.
1834 5453 1867 5500 c.
1898 5430 1956 5502 ta.

1314 5546 1372 5719 In
1392 5520 1462 5600 illo
1482 5521 1688 5621 tempore:
1708 5521 1816 5598 Dixit
1829 5522 1946 5601 lesus
1963 5520 2137 5621 discipu·

1300 5636 1302 5643 '
1370 5630 1420 5707 tis
1438 5630 1520 5708 suis
1538 5656 1547 5704 ε
1566 5630 1648 5727 Ego
1664 5650 1751 5706 sum
1764 5629 1855 5707 vitis
1872 5650 1964 5706 uera
1981 5656 1989 5703 :
2007 5636 2047 5706 et
2064 5629 2137 5705 Pa·

1311 5750 1372 5819 ter
1390 5760 1500 5815 mous
1518 5735 1691 5837 agricola
1706 5748 1780 5815 est.
1799 5736 1971 5814 Omnem
1994 5735 2136 5838 petrui-

1312 5860 1391 5929 tem
1431 5848 1471 5924 in
1510 5868 1573 5922 me
1607 5868 1687 5923 non
1722 5845 1913 5924 terentem
1944 5844 2132 5941 fructum,

1310 5958 1423 6038 tollet
1450 5976 1540 6035 eum
1562 5981 1570 6029 :
1592 5962 1631 6031 et
1655 5976 1832 6051 omnem,
1849 5952 1930 6055 ‘qui
1952 5954 2029 6033 fert
2054 5953 2134 6033 fru-

1308 6076 1429 6155 ctum,
1455 6060 1640 6166 purgebit
1664 6085 1771 6160 eum,
1791 6071 1836 6142 ut
1853 6062 2023 6160 fructum
2042 6063 2134 6165 plus

478 6178 623 6257 cebum
637 6176 874 6280 Apostolum
889 6176 1213 6281 perbeetosMer·
1303 6172 1456 6252 efferat.
1483 6172 1573 6249 tam
1592 6192 1662 6249 vos
1685 6172 1825 6249 mundi
1844 6171 1940 6250 estis
1969 6180 2134 6274 propter

393 6284 499 6377 tyres
530 6288 620 6358 tuos
651 6290 771 6379 atque
804 6276 1018 6359 Pontifices
1037 6280 1215 6380 Torqua·
1303 6280 1546 6378 sermenem,
1564 6302 1684 6381 quem
1711 6280 1869 6361 locutus
1886 6302 1976 6359 sum
2001 6280 2130 6359 vobis.

436 6412 671 6471 misererem.
689 6412 833 6465 UltGELL.

1912 6390 1930 6465 1
