5325 7200
944 797 1017 880 Die
1036 809 1102 910 vij.
1125 814 1385 912 Septembris,
2027 839 2071 914 23

377 965 459 1042 Nou
473 961 575 1039 enim
592 963 787 1040 habemus
801 962 865 1041 hic
884 972 1108 1046 manentem
1126 968 1179 1047 ci·

374 1071 531 1158 viritem,
548 1069 616 1147 sed
632 1071 809 1159 futuram
828 1069 1081 1172 inquirimus.
1107 1080 1182 1154 Per

374 1178 489 1278 ipsum
505 1201 595 1277 ergo
613 1179 828 1254 offerimus
852 1179 1022 1258 hostiam
1052 1183 1181 1259 laudis

376 1310 512 1384 semper
531 1287 633 1374 Deo,
654 1284 695 1361 id
713 1299 771 1360 est
791 1285 963 1364 fructum
982 1289 1180 1366 labiorum

376 1391 627 1468 confitentium
646 1391 801 1467 nomini
828 1395 926 1493 ejus.
956 1396 1180 1472 Beneficen·

1244 975 1356 1054 effice
1374 981 1535 1055 tuorum
1554 977 1844 1079 dispensatores
1870 983 2072 1085 mysterio
2094 951 2097 960 .

1245 1106 1348 1162 rum.
1371 1088 1446 1163 Per
1465 1087 1697 1166 Dominum.

1306 1181 1456 1258 Deinde
1479 1183 1526 1258 de
1548 1183 1755 1260 Dominica
1784 1211 1950 1282 occure,
1974 1193 2076 1268 etde

1253 1290 1402 1365 Octava
1419 1292 1458 1364 S.
1479 1291 1629 1368 Lazari.

1305 1397 1483 1472 Praefatio
1502 1397 1549 1473 de
1570 1401 1640 1478 SS.
1664 1400 1895 1500 Episcopis,
1929 1405 1966 1480 io
1995 1433 2072 1506 qua

377 1497 429 1576 iiae
457 1515 608 1588 aulem,
645 1515 683 1574 et
725 1499 1021 1578 Commussibssis
1060 1506 1180 1581 DOliie
1211 1496 1215 1577 i
1252 1501 1393 1578 diCiiUl'
1414 1532 1421 1577 :
1445 1506 1520 1598 Qui
1540 1515 1655 1592 nobis
1676 1517 1810 1594 bediOS
1855 1521 2016 1596 ἃςῑόκς,

377 1605 559 1684 oblivisci:
579 1606 727 1682 talibus
743 1604 850 1682 enim
869 1608 1008 1685 hdstiis
1024 1635 1181 1711 prome·
1211 1662 1214 1709 ,
1301 1611 1558 1686 Communia.
1588 1617 1709 1710 Apoe.
1731 1637 1791 1692 20.
1827 1640 1929 1700 :sunt
1945 1651 2070 1704 sacer.

376 1719 466 1790 retur
479 1717 596 1790 Deus.
614 1714 784 1792 Obedite
794 1714 1013 1813 praepdsitis
1025 1719 1178 1808 vestris,

373 1837 404 1897 et
418 1822 605 1921 subjacete
623 1821 693 1898 eis.
717 1822 797 1921 ipsi
816 1820 923 1898 enim
948 1825 1181 1925 peruigilant

372 1925 471 2028 quasi
502 1929 695 2006 rationem
724 1954 796 2029 pro
812 1927 1025 2008 animabus
1042 1931 1180 2010 vestris

371 2035 556 2112 redditdri.

419 2131 619 2212 Graduale.
651 2133 797 2212 ierem.
832 2137 892 2216 23.
929 2136 1179 2246 Congregabo

371 2249 540 2350 reliquias
557 2250 682 2350 gregis
699 2250 801 2341 mei;
829 2266 866 2328 et
890 2252 1090 2329 suscitabo
1113 2279 1177 2329 su·

371 2381 430 2456 per
454 2381 518 2434 eos
547 2363 736 2457 pastores,
765 2373 802 2434 et
833 2374 992 2458 pascent
1015 2385 1097 2438 eos.
1141 2352 1170 2432 ti

371 2465 452 2540 Non
467 2464 737 2542 formidabunt
755 2467 856 2542 ultra
874 2526 883 2556 ,
908 2482 945 2543 et
964 2491 1046 2544 non
1061 2473 1179 2567 pave·

372 2572 482 2660 bunt;
507 2587 543 2648 et
562 2573 698 2650 nullus
715 2579 912 2672 quaeretur
927 2599 974 2650 ex
991 2582 1175 2653 numero.

418 2673 579 2771 dietata,
605 2680 777 2758 alleldia.
820 2669 860 2758 i'·
889 2671 1095 2768 &015046-
1129 2675 1178 2758 St

371 2785 546 2863 memoria
573 2786 734 2864 illorum
754 2785 796 2863 in
815 2786 1086 2864 benedictione
1103 2847 1113 2876 ‚
1141 2803 1178 2864 et

369 2897 589 2992 permanens
612 2892 664 2970 ad
683 2893 791 2970 filios
818 2892 999 2984 illdrum,
1024 2899 1178 2971 sancto·

369 3023 447 3076 rum
463 3000 639 3078 virorum
657 3000 789 3100 gloria
813 3001 996 3080 Alleluia.

368 3107 412 3212 ἦ
436 3101 639 3212 Sequentia
664 3114 788 3189 sancti
814 3111 1017 3212 Evangelii
1043 3118 1178 3188 sectiu-

460 3219 554 3296 dum
574 3221 825 3297 Matthaeum.
855 3213 994 3290 Maiih·
1015 3235 1077 3310 24·

439 3326 502 3403 illo
518 3333 695 3427 tempore
711 3355 720 3402 :
749 3325 856 3404 Dixit
872 3329 894 3405 J
898 3352 989 3404 esus
1006 3325 1179 3426 discipu·

418 3433 461 3510 lis
474 3434 578 3512 suis:
607 3434 787 3534 Vigilate,
809 3433 904 3535 quia
922 3433 1079 3514 nescitis
1096 3459 1177 3534 qua

372 3541 457 3619 hora
472 3541 668 3619 Dominus
684 3557 813 3619 vester
828 3548 1019 3619 venturus
1039 3541 1102 3619 sit.
1126 3542 1175 3619 ll·

374 3648 431 3723 lud
451 3666 579 3728 autem
602 3649 752 3739 scitote,
781 3649 974 3749 quoniam
1000 3648 1032 3725 si
1063 3648 1177 3726 sciret

372 3755 636 3855 paterfamilias
663 3782 744 3859 qua
770 3758 869 3833 hora
894 3756 959 3833 sur
986 3762 1178 3834 venturus

373 3880 470 3956 esset,
488 3864 664 3965 vigilaret
680 3864 840 3966 titique,
868 3880 905 3941 et
931 3890 1012 3941 non
1036 3869 1179 3943 sineret

370 3972 504 4071 periodi
539 3973 705 4049 domum
740 3997 869 4049 suam.
914 3973 1009 4049 Ideo
1038 3988 1076 4048 et
1104 3998 1178 4050 vos

370 4085 475 4157 estote
495 4079 635 4181 parati,
662 4080 758 4181 quia
781 4105 858 4180 qua
881 4080 1037 4157 nescitis
1056 4082 1174 4171 hora,

371 4187 481 4264 Filius
513 4187 687 4265 hominis
720 4194 912 4265 ventitrus
943 4202 1013 4264 est.
1049 4186 1174 4283 Quis,

368 4310 489 4391 putas,
516 4311 575 4371 est
604 4295 734 4371 fidelis
764 4320 903 4371 servus
926 4311 962 4371 et
984 4295 1174 4394 prudens,

366 4426 471 4500 quem
488 4404 689 4481 constituit
717 4402 905 4479 dominus
933 4428 1030 4478 suus
1059 4426 1179 4501 super

1243 1727 1354 1850 dotes
1366 1729 1438 1806 Dei
1451 1745 1487 1806 et
1501 1729 1659 1820 Christi,
1677 1747 1713 1808 et
1735 1733 1953 1830 regnabunt
1976 1758 2068 1810 cum

1244 1838 1325 1915 ¹¹¹0·
1490 1937 1827 2018 postcommunio,

1360 2069 1431 2128 tus
1447 2050 1590 2130 virtute
1609 2050 1843 2129 sacramenti
1859 2053 2066 2141 confirma,

1348 2159 1708 2248 Dominafarnutos
1717 2173 1806 2234 tuos
1822 2157 1955 2234 infide
1970 2158 2071 2237 veri·

1241 2261 1346 2340 tritis:
1360 2281 1400 2341 ut
1414 2289 1502 2342 eam
1518 2267 1668 2366 ubique
1681 2289 1747 2342 ore
1764 2281 1800 2341 et
1812 2269 1929 2366 dpere
1947 2265 2069 2343 confi·

1174 2408 1183 2426 ·
1241 2377 1415 2448 reantur:
1434 2397 1506 2473 pro
1525 2398 1607 2474 qua
1627 2371 1751 2448 sancti
1770 2373 1977 2450 Pontifices
1999 2396 2068 2448 no-

1241 2477 1308 2553 stri
1327 2480 1506 2558 laborare
1521 2505 1601 2558 non
1618 2479 1868 2571 destiterunt,
1900 2496 1938 2557 et
1966 2477 2067 2556 mori

1239 2585 1492 2664 vehementer
1523 2587 1855 2666 desideraverunt.
1888 2589 1963 2663 Per
1991 2587 2068 2662 Do

1241 2716 1415 2772 mrnum.

1300 2792 1452 2870 Deinde
1483 2791 1532 2868 de
1560 2793 1766 2870 Dourinica
1795 2817 1946 2872 occurs.
1971 2813 2007 2888 et
2026 2802 2072 2874 de

1251 2904 1400 2978 Octava
1437 2901 1478 2977 S.
1520 2899 1668 2994 Lazari,
1697 2916 1732 2974 et
1766 2901 1901 2996 iegitur
1933 2903 1970 2976 in
1995 2906 2072 2980 fine

1253 3006 1508 3104 Evangeiium
1532 3008 1764 3084 Donrinicee.

1300 3115 1341 3188 Si
1369 3117 1441 3188 hoc
1470 3117 1629 3188 Festum
1657 3113 1804 3188 venerit
1830 3115 1868 3190 in
1895 3115 1958 3191 die
1984 3121 2071 3198 Oet.

1251 3222 1291 3294 S.
1317 3219 1466 3303 Lazari,
1491 3219 1594 3292 iitde
1616 3247 1661 3294 eo
1682 3244 1771 3294 curn
1794 3245 1896 3298 conr.
1921 3225 2009 3298 Oct.

1599 3429 1665 3508 uta
1703 3458 1726 3512 1.

1554 3573 1596 3631 ru
1625 3571 1755 3631 rusro

1316 3664 1358 3740 S.
1387 3662 1688 3739 RAYMUNDI
1716 3662 1990 3751 ΝΟΝΝΑΤΙ,

1505 3786 1800 3847 CONFESSORIS.

1304 3867 1355 3941 Ut
1375 3864 1415 3939 iu
1435 3864 1601 3951 Missaii,
1624 3864 1727 3953 lteri,
1746 3888 1837 3940 cum
1858 3890 2071 3946 commem.

1249 3974 1337 4049 Oct.
1360 3974 1401 4048 S.
1437 3971 1605 4057 Lazari,
1643 3973 1683 4047 S.
1705 3971 1867 4067 AEgidii,
1897 3975 2076 4065 abbam,

1247 4096 1284 4153 et
1304 4080 1375 4153 SS.
1396 4080 1472 4151 XII
1497 4082 1692 4162 Fratrum,
1713 4080 1948 4176 Martyrum.

1590 4316 1657 4368 uir
1729 4360 1733 4369 .

1336 4420 1394 4496 IN
1417 4420 1594 4497 FESTO
1615 4316 1656 4494 ΕΓ.
1679 4316 1975 4505 ΞΗΤΕΡΗΑΝΙ,

366 4509 542 4587 familiam
569 4536 698 4599 suam,
719 4526 762 4586 ut
780 4510 845 4587 det
871 4509 948 4586 illis
973 4509 1109 4586 cibum
1136 4508 1177 4610 in
1207 4501 1211 4593 i
1317 4544 1544 4603 HuNGAtttAE
1564 4544 1681 4603 Rssors
1700 4541 1991 4601 couressoats.

365 4622 553 4717 temporat
582 4622 726 4695 Beatus
752 4616 815 4693 ille
841 4642 1003 4706 servus,
1029 4642 1174 4717 quem,

365 4748 445 4802 cum
467 4725 616 4803 venerit
641 4724 829 4801 dominus
851 4728 956 4825 ejus,
983 4723 1177 4801 invenerit

365 4831 411 4909 sic
432 4834 649 4912 facientem.
670 4838 798 4909 Amen
819 4832 909 4909 dico
932 4832 1061 4922 vobis,
1078 4837 1177 4933 qud-

366 4938 459 5017 niam
474 4966 592 5041 super
607 4939 744 5017 omnia
764 4942 869 5017 bona
883 4965 956 5016 sua
969 4944 1177 5017 constituet

364 5070 457 5125 eum.
481 5045 618 5127 Credo.

411 5148 673 5227 Offertorium.
695 5170 706 5226 1
727 5150 820 5229 Cor.
840 5170 876 5228 2.
893 5149 977 5230 Nos
1003 5178 1084 5231 non
1103 5158 1178 5255 spi·

365 5260 473 5339 ritum
501 5260 789 5365 hujusmundi
821 5257 1073 5360 accipimus,
1107 5259 1176 5337 sed

365 5370 541 5468 Spiritum
559 5368 631 5471 qui
645 5394 693 5445 ex
712 5372 797 5446 Deo
816 5382 898 5457 est;
917 5384 954 5443 et
972 5366 1178 5467 loquimur

366 5500 433 5553 non
451 5478 490 5555 in
506 5476 634 5555 doctis
656 5477 843 5553 humdnae
867 5474 1067 5575 sapientiae
1090 5500 1176 5551 ver·

366 5583 429 5675 bis,
449 5585 514 5663 sed
532 5585 576 5661 in
589 5584 770 5661 doctriua
791 5582 976 5683 Spiritus.

684 5689 854 5765 Secreta.

371 5816 573 5987 Susctpu,
613 5823 845 5900 quaesumus
881 5796 1066 5888 Domine,
1108 5798 1179 5874 ho-

429 5906 519 5985 stias
538 5909 716 6008 placatus
729 5908 881 5984 oblatas
899 5929 907 5978 :
927 5930 1079 6006 nosque
1093 5930 1182 5981 san·

1301 4620 1412 4700 Utin
1439 4616 1604 4706 Missali‚
1634 4618 1709 4694 hac
1739 4617 1822 4709 die,
1852 4643 1943 4696 cum
1967 4646 2072 4699 corn-

1246 4755 1366 4808 mem.
1389 4730 1566 4813 Octava,
1590 4738 1625 4799 et
1643 4724 1753 4801 tertia
1772 4728 1882 4805 Orat.
1903 4727 1950 4802 de
1976 4734 2072 4807 Dea.

1246 4855 1298 4929 ta,
1317 4839 1505 4922 Concede.

1764 4993 2071 5005 -oe—-n—-qn—u-

1593 5068 1661 5126 DIE
1686 5067 1726 5125 V.

1547 5190 1589 5247 ΙΝ
1616 5188 1745 5247 FESTO

1277 5280 1318 5355 S.
1352 5279 1665 5356 LAURENTH
1695 5274 2036 5363 JUSTINIANI,

1366 5404 1554 5463 Emscopt
1582 5405 1634 5463 ΕΤ
1652 5400 1943 5462 comessurus.

1297 5488 1351 5563 Ut
1382 5482 1422 5560 in
1442 5480 1607 5571 Missali‚
1641 5480 1715 5556 hac
1734 5477 1811 5567 die,
1844 5500 1935 5554 cum
1965 5503 2073 5556 com-

1247 5618 1367 5671 mem.
1390 5593 1569 5668 Octavae,
1591 5602 1627 5661 et
1644 5586 1755 5663 tertia
1776 5589 1884 5661 Orat.
1904 5584 1953 5661 de
1976 5588 2072 5665 Bea-

1246 5719 1297 5789 ta.
1320 5702 1513 5791 Concede.

1575 5920 1647 5978 DIE
1674 5918 1747 5977 titt.

366 6018 507 6093 ctomm
525 6015 766 6093 Pontificum
786 6016 1012 6091 nostrdrum
1030 6012 1180 6112 egregia
1316 6028 1531 6107 OCTAVA
1558 6026 1754 6104 SANch
1786 6024 1995 6105 LAZARL

366 6129 544 6202 sectantes
570 6124 749 6224 exempla
782 6121 1004 6212 virtutum3
1043 6119 1180 6199 fideres
1302 6122 1418 6199 Missa
1444 6118 1538 6197 utin
1563 6120 1689 6195 Festo.
2059 6130 2065 6139 ·
