5325 7200
614 761 661 838 26
1298 763 1371 842 Die
1390 764 1465 864 xxi.
1484 761 1684 842 Octobris.

618 911 798 991 Pontifex
812 914 921 991 fieret
941 945 950 992 ε
968 913 1035 990 sed
1054 911 1123 1012 qui
1144 914 1297 988 locotus
1311 926 1368 988 est
1387 911 1437 988 ad

611 1045 728 1097 eum:
760 1021 885 1098 Filius
915 1047 1027 1098 meus
1058 1045 1101 1095 es
1126 1037 1188 1109 tu,
1221 1043 1292 1117 ego
1318 1018 1436 1094 hodie

610 1127 727 1224 genui
758 1143 807 1204 te.
838 1127 1191 1225 Quemadmodum
1222 1145 1259 1205 et
1289 1126 1330 1203 in
1358 1125 1435 1202 atio

610 1235 698 1310 loco
729 1233 847 1310 dicit:
887 1238 951 1311 Tu
986 1262 1028 1310 es
1049 1235 1230 1311 sacerdos
1257 1234 1297 1310 in
1328 1239 1437 1310 aeter-

609 1364 722 1522 gum,
760 1343 978 1419 secondum
1010 1343 1190 1419 ordinem
1230 1343 1436 1418 Melchise-

639 1450 723 1525 ech.

653 1557 873 1685 ‘Graduale
897 1581 909 1639 1
948 1561 1042 1660 Reg.
1065 1562 1114 1642 13.
1148 1561 1333 1657 Qoaesivit
1355 1569 1434 1642 Do·

607 1695 742 1747 mrnus
760 1672 890 1751 virum
910 1678 1016 1775 iuxta
1034 1700 1253 1764 corsuum,
1279 1691 1316 1750 et
1337 1697 1432 1774 prae·

1501 911 1551 988 ad
1574 935 1752 989 mensam
1769 972 1778 998 .
1800 927 1842 989 ut
1856 937 1926 1013 ego
1942 912 2105 990 veniens
2122 935 2214 990 cum
2229 922 2311 990 usd-

1502 1017 1554 1094 ris
1572 1017 1708 1118 titique
1725 1025 1936 1119 exegissem
1964 1020 2100 1098 illami
2123 1023 2173 1098 Et
2197 1027 2310 1097 astan-

1500 1128 1607 1205 tibus
1621 1127 1717 1205 dixit
1739 1159 1746 1205 :
1772 1130 1930 1207 Auferte
1948 1133 2001 1208 ab
2022 1131 2088 1206 ilio
2108 1155 2255 1220 mnam,
2280 1149 2310 1208 et

1500 1235 1588 1311 date
1619 1235 1674 1312 ilii
1706 1237 1775 1336 qui
1808 1237 1944 1314 decem
1976 1262 2090 1314 mnas
2123 1239 2248 1316 babet.
2270 1241 2309 1316 Et

1499 1343 1681 1420 dixerunt
1711 1343 1772 1420 ei:
1815 1345 2006 1433 Domine,
2040 1346 2159 1420 habet
2188 1345 2307 1423 decem

1499 1475 1626 1529 mnas,
1650 1451 1749 1528 Dico
1768 1470 1900 1530 autern
1924 1453 2064 1538 vobis,
2099 1452 2194 1553 quia
2212 1455 2307 1530 omni

1498 1561 1657 1638 habenti
1676 1560 1848 1650 dabitur,
1874 1579 1910 1638 et
1929 1561 2150 1638 abundabit
2172 1589 2180 1636 ε
2206 1563 2253 1638 ab
2268 1589 2307 1640 eo

1497 1686 1628 1746 autem
1648 1669 1717 1769 qui
1737 1670 1977 1759 nonhabet,
2006 1685 2043 1745 et
2069 1667 2179 1768 quod
2206 1670 2307 1746 babet

604 1778 706 1878 cepit
724 1780 759 1855 ei
784 1798 829 1858 ut
855 1800 955 1859 esset
982 1782 1062 1859 dux
1089 1808 1208 1883 super
1236 1781 1430 1883 populum
1496 1777 1693 1854 auferetur
1710 1777 1761 1854 ab
1776 1801 1836 1854 eo.

605 1911 739 1964 suum.
770 1880 813 1972 ti.
833 1889 917 1964 Act.
936 1907 973 1983 7.
994 1890 1086 1966 Fuit
1111 1907 1244 1990 gratus
1275 1892 1373 1978 Deo,
1394 1906 1431 1966 et
1556 1883 1600 1959 in
1634 1883 1806 1964 Ecclesia
1839 1879 2059 1960 Cathedrali
2098 1895 2135 1958 et
2169 1879 2307 1980 propria

603 2010 687 2069 erat
717 2011 855 2094 potens
886 1995 927 2072 in
957 1998 1088 2075 verbis
1119 2014 1156 2074 et
1175 1998 1216 2075 in
1242 1997 1430 2098 operibus
1501 1987 1644 2066 dicitur
1665 1992 1802 2072 Oedo.

604 2099 701 2177 suis.
1289 2175 1294 2184 ,
1553 2099 1821 2182 Offertoriom.
1847 2096 1955 2177 lsaiae
1974 2115 2028 2174 21.
2045 2095 2167 2200 Super
2185 2105 2305 2200 specu·

655 2207 849 2299 arietata,
886 2211 1056 2288 alielt'ria.
1096 2205 1139 2294 ti.
1183 2205 1333 2287 Psalm.
1368 2207 1433 2305 64.
1493 2207 1572 2283 larn
1610 2209 1772 2286 Domini
1805 2235 1875 2310 ego
1910 2232 2013 2297 sum,
2049 2225 2159 2284 stans
2184 2207 2304 2309 jdgiter

602 2315 748 2391 Beatus
772 2342 891 2417 quem
919 2319 1064 2418 elegisti
1091 2335 1130 2395 et
1150 2318 1424 2417 assumpsisti,
1491 2339 1562 2414 per
1579 2315 1711 2394 diem:
1743 2335 1780 2395 et
1811 2342 1930 2418 super
1946 2315 2171 2394 custodiam
2190 2341 2303 2392 meam

602 2423 805 2516 Domine;
841 2425 1080 2504 inhabitabit
1114 2427 1157 2504 in
1190 2429 1300 2505 dtriis
1332 2428 1423 2506 tuis.
1492 2447 1563 2521 ego
1581 2449 1685 2515 sum,
1708 2439 1815 2502 stans
1833 2425 1925 2502 totis
1943 2423 2144 2502 noctibus.

598 2530 782 2608 Allclt'tia.
1823 2533 1990 2608 Secreta.

596 2641 651 2746 ᾖ
674 2645 884 2748 Sequentia
903 2651 1026 2728 sancti
1054 2651 1255 2750 Evangelii
1287 2659 1425 2729 sectio·
1580 2657 1857 2728 CLES¹AE1¹¹ae‚
1878 2663 2111 2738 quaesumus
2132 2639 2299 2726 deissb

761 2757 859 2833 dum
891 2761 1056 2835 Lucam,
1087 2757 1186 2837 Luc,
1212 2777 1265 2854 ¹9·
1580 2756 1746 2826 mdnera
1769 2747 1963 2849 propitius
1983 2747 2164 2826 intuere:
2196 2763 2230 2824 et
2256 2747 2302 2824 io·

637 2875 664 2932 a
697 2862 764 2939 itto
794 2871 997 2966 tempore:
1029 2867 1136 2944 Dixit
1164 2872 1281 2947 Jesus
1308 2867 1425 2944 disci·
1489 2857 1708 2935 tercedente
1728 2859 1842 2933 beato
1862 2857 2067 2944 Cannam,
2102 2880 2220 2956 quem
2239 2853 2300 2955 ipsi

603 2885 629 3056 I
659 2969 763 3069 pulis
782 2971 865 3048 suis
882 2976 1113 3072 parabolam
1133 2977 1264 3055 hanc:
1289 2979 1424 3054 Homo
1488 2971 1686 3064 pastorem
1717 2963 1784 3064 pio
1811 2963 1945 3083 favore
1978 2961 2155 3054 dedisti;
2191 2987 2300 3062 usque

599 3077 765 3176 quidam
813 3079 959 3157 nobilis
1000 3083 1098 3158 abiit
1140 3084 1180 3159 in
1224 3084 1421 3182 regionem
1488 3072 1539 3148 ad
1570 3073 1956 3150 C0sssumm³116sseffl
1996 3069 2133 3146 Saeculi
2167 3085 2202 3146 ei
2233 3075 2300 3144 me·

598 3185 872 3286 longinquam,
890 3195 1066 3289 accipere
1085 3191 1160 3267 sibi
1180 3217 1358 3291 regnum,
1386 3209 1423 3270 et
1489 3179 1563 3256 rito
1579 3179 1663 3280 ipsa
1682 3183 1872 3277 augeatur
1888 3191 1925 3252 et
1944 3181 2128 3256 nomero.
2149 3180 2220 3254 Per
2234 3180 2299 3254 Do·

600 3295 754 3373 reverti.
783 3297 943 3374 Vocatis
972 3313 1104 3374 autem
1137 3299 1272 3377 decem
1299 3299 1423 3376 servis
1488 3287 1657 3365 minum·
1868 3394 1877 3410 ι

599 3401 695 3492 suis,
714 3402 823 3482 dedit
839 3404 897 3482 eis
914 3405 1050 3482 decern
1070 3431 1206 3495 mnas,
1244 3423 1281 3484 et
1299 3407 1353 3484 ait
1371 3408 1422 3484 ad
1548 3393 1918 3496 PsaefssfiOPfflPsffi·
2243 3498 2251 3513 ,

598 3509 711 3588 ilios:
744 3512 1009 3613 Negotidmini
1032 3515 1130 3592 dum
1152 3515 1282 3592 venio.
1305 3514 1422 3592 Cives
1543 3503 1966 3582 ComfflUss10·PSsslm·
1996 3501 2061 3580 25·
2091 3501 2252 3623 Orcum
2269 3513 2299 3574 0¹

596 3635 729 3696 autem
748 3624 832 3722 ejus
849 3622 1013 3699 (iderant
1032 3640 1213 3701 cumget
1232 3624 1423 3701 miserunt
1486 3612 1690 3689 immoldvi
1716 3610 1755 3687 in
1775 3612 2031 3691 taberndculo
2057 3608 2219 3689 deint
2240 3609 2298 3683 hd·
2395 3630 2396 3635 ’

597 3726 828 3825 Ιεὸῃῐὶόῃεῐῃ
848 3730 1085 3829 postissum,
1113 3729 1421 3809 dic6n1e83N6-
1486 3718 1939 3796 SiiflmVOCisei'aiidssissl
1966 3716 2298 3815 casstdboeipsai
2395 3802 2396 3823 Χ

597 3833 732 3909 lomus
764 3836 872 3913 hunc
902 3843 1061 3935 regnare
1096 3863 1215 3938 super
1244 3862 1330 3915 nos.
1372 3840 1421 3915 Et
1485 3826 1746 3904 mumdicam
1768 3826 1957 3905 deino·
2019 3930 2028 3947 ·

597 3940 821 4020 factumest
844 3959 889 4020 ut
918 3946 1060 4022 rediret
1090 3952 1249 4046 accepto
1273 3971 1416 4044 regno:
1732 3936 2077 4055 POSiCOfflmUss¹03

595 4064 634 4124 et
650 4048 763 4148 jussit
790 4050 922 4129 vocari
952 4078 1114 4142 servos,
1148 4052 1295 4153 quibus
1313 4054 1420 4130 dedit
1611 4060 1809 4119 LESTIBUS
1828 4066 1927 4132 110⁵,
1958 4043 2147 4127 Βόῦῒῑῐῑθ.
2168 4040 2293 4115 f6b⁰f³

596 4156 820 4255 pectiniam,
841 4175 884 4235 ut
903 4159 1016 4237 sciret
1035 4176 1230 4261 quantum
1250 4160 1419 4261 quisque
2150 4255 2159 4271 ·

596 4264 814 4361 negotiatus
831 4284 943 4345 esset,
967 4269 1081 4345 Venit
1097 4284 1230 4345 amem
1248 4268 1439 4368 primus,¹
1485 4258 1732 4334 Contessoris
1758 4256 1815 4333 tui
1838 4274 1955 4357 atque
1978 4256 2205 4343 Pontificrs,
2226 4252 2293 4329 sui·

595 4370 759 4447 dicens:
799 4374 990 4463 Domine,
1033 4400 1127 4451 mna
1170 4390 1238 4452 tua
1281 4375 1417 4453 decem
1483 4365 1591 4441 fditis
1628 4363 1879 4465 patrocini03
1917 4363 1969 4439 da
2005 4362 2123 4439 nobis
2155 4366 2291 4439 terre'na

596 4502 711 4555 mnas
729 4480 950 4579 acquisivit,
975 4484 1022 4559 Et
1040 4484 1094 4559 ait
1113 4483 1167 4558 illi
1186 4512 1194 4557 :
1222 4486 1330 4581 Euge
1351 4486 1418 4561 bo.
1484 4472 1696 4572 despicere,
1710 4487 1747 4547 et
1761 4472 1810 4547 ad
1826 4472 2026 4548 coelestem
2043 4470 2207 4569 patriam
2225 4482 2293 4543 toto

594 4612 643 4663 ne
662 4612 785 4678 serve,
806 4590 902 4689 quia
916 4590 956 4667 in
973 4590 1130 4667 modico
1149 4590 1254 4667 suisti
1273 4590 1414 4680 fidelis,
1448 4621 1451 4690 r
1482 4578 1679 4655 desiderio
1698 4580 1896 4656 anhelare.
1927 4580 2002 4654 Per
2022 4578 2248 4653 Dominum.

592 4695 670 4771 eris
699 4704 928 4796 potestatem
961 4700 1111 4775 babens
1136 4724 1254 4797 super
1279 4700 1414 4775 decern

591 4803 780 4884 civitates.
805 4809 854 4884 Et
879 4808 976 4883 aiter
992 4808 1111 4896 venit,
1133 4809 1297 4883 dicens:
1338 4810 1416 4883 Do·
1811 4812 1882 4872 DIE
1901 4814 1988 4881 XVI·

592 4913 726 5001 mine,
759 4938 854 4991 mna
871 4931 939 4991 tua
969 4915 1059 4992 iecit
1088 4914 1266 5017 quinque
1285 4939 1413 4993 muas.

593 5020 644 5095 Et
662 5019 755 5097 huic
773 5020 827 5097 ait
845 5050 854 5097 :
878 5024 927 5098 Et
943 5041 987 5099 tu
1004 5040 1087 5099 esto
1103 5047 1221 5123 super
1237 5022 1415 5123 quinque

589 5125 778 5203 civitates.
809 5130 858 5204 Et
888 5130 985 5204 aiter
1001 5130 1126 5219 venit,
1146 5130 1280 5206 dicens
1301 5156 1310 5205 :
1335 5132 1413 5206 Do·

1584 4906 1641 4981 lN
1665 4904 1843 4981 FESTO
1865 4904 1905 4979 S.
1927 4902 2204 4994 TERESIAE,

1792 5026 1989 5087 vraorttrs
2037 5090 2045 5101 ,

1540 5115 1646 5193 Utin
1666 5115 1831 5207 Missaii‚
1854 5116 1951 5195 heri.

591 5232 711 5323 mine,
740 5258 828 5311 ecce
846 5252 1037 5327 mnatua‚
1063 5262 1185 5339 quam
1213 5236 1335 5315 habui
1355 5262 1413 5315 re·
1533 5302 1536 5309 .

587 5340 759 5442 positam
778 5340 820 5417 in
847 5342 1038 5421 sudario:
1065 5345 1181 5422 timui
1210 5344 1317 5423 enim
1348 5362 1409 5437 te,

586 5449 683 5551 quia
715 5450 838 5527 homo
868 5458 1049 5529 austerus
1078 5478 1149 5531 es:
1178 5454 1284 5531 tollis
1301 5456 1411 5556 quod

587 5583 667 5636 non
686 5558 864 5661 posuisti,
881 5576 919 5637 et
937 5560 1051 5638 metis
1068 5562 1178 5663 quod
1197 5588 1277 5640 non
1296 5562 1413 5639 serni·

586 5666 702 5743 ndsti.
727 5666 830 5744 Dicit
847 5666 882 5745 ei
905 5697 915 5743 :
949 5670 1008 5745 De
1034 5694 1103 5746 ore
1120 5686 1189 5748 tuo
1205 5687 1243 5747 te
1260 5670 1407 5773 iodim,

587 5798 698 5850 serve
725 5800 912 5876 nequam.
934 5775 1095 5853 Sciebas
1113 5777 1223 5878 quod
1241 5802 1313 5877 ego
1340 5779 1410 5853 ho·

585 5905 652 5956 mo
684 5889 863 5958 austerus
890 5909 993 5973 sum,
1027 5885 1167 5960 tollens
1195 5884 1305 5985 quod
1330 5909 1411 5961 non
1482 5879 1490 5958 i
1530 5979 1534 5990 .

586 5988 717 6089 pdsui,
737 6005 774 6066 et
793 6005 943 6065 metens
967 5992 1076 6091 quod
1097 6016 1176 6068 non
1196 5991 1406 6069 seminavi:
1484 5977 1539 6052 (Ψ
1599 6005 1603 6022 ’

586 6112 623 6175 et
641 6120 764 6198 quare
783 6118 862 6173 non
881 6094 1021 6175 dedisti
1048 6098 1257 6200 pecdniam
1279 6124 1409 6178 meam

1799 5358 1870 5415 DIE
1903 5358 1989 5417 XXI.

1554 5452 1611 5530 IN
1634 5452 1812 5531 FESTO
1835 5456 1876 5530 S.
1899 5452 2222 5541 MAURONTI.

1593 5576 1777 5635 EPiSCOPI
1806 5578 1860 5637 ΕΤ
1888 5578 2181 5639 CONFESSORIS.

1685 5662 1883 5743 introitus.
1914 5662 2023 5741 isaiae
2048 5688 2113 5747 22.

1667 5794 1794 5853 caso
1816 5798 1973 5853 servum
2000 5800 2150 5866 meum,
2168 5790 2204 5851 et
2219 5797 2282 5874 po·

1484 6057 1550 6116 {sii
1609 6075 1611 6078 ’
1638 6101 1641 6108 ⁴

2395 3940 2396 4017 i

1586 4150 1874 4227 sacramentis:
1908 4166 1945 4226 et
1982 4148 2084 4225 beati
2113 4144 2291 4231 Cenabi,

1573 5877 1606 5928 ‘t'
1618 5864 1655 5996 ἦ
1680 5890 1855 5960 testatem
1876 5882 1981 5959 dabo
1997 5882 2038 5959 in
2055 5908 2173 5961 manu
2189 5884 2280 5979 ejus;
2395 5918 2396 5975 t

1591 5879 1655 6118 'g
1680 6008 1716 6068 et
1748 5990 1851 6069 dabo
1871 5992 2027 6067 clavem
2058 5992 2198 6069 domus
2221 5990 2286 6063 Da·
2395 5988 2396 6067 ἑ

1484 6085 1649 6151 efflss’
1680 6098 1748 6177 vid
1781 6122 1899 6199 super
1933 6098 2146 6179 hdmerum
2177 6099 2280 6199 ejus:
2395 6102 2396 6189 ἶ
