5325 7200
645 1002 712 1075 Dic
731 1004 829 1103 xxxj.
852 1002 1033 1101 Augusti.
1055 1004 1093 1081 S.
1113 1000 1311 1079 ttansuen.
1596 1020 1645 1093 33

521 1142 650 1215 [tudio
680 1142 728 1215 iv·
998 1152 1120 1245 fortis,
1137 1152 1307 1228 castitdte
1320 1153 1542 1255 precipuus,
1561 1180 1646 1259 ege·

312 1266 597 1443 Massurius,
621 1250 776 1325 nstidne
803 1248 959 1341 Scotus,
999 1250 1134 1326 ndrum
1154 1252 1313 1327 miseriis
1329 1278 1484 1353 pronus,
1503 1257 1543 1327 in
1560 1280 1646 1330 ors·

411 1350 654 1442 adolescens,
674 1348 806 1424 relicta
824 1348 959 1448 pitrio,
999 1350 1100 1425 ticine
1118 1350 1313 1447 assiduus,
1332 1354 1373 1427 in
1397 1352 1561 1428 lectidne
1580 1354 1647 1429 de-
1767 1351 1771 1358 ’

314 1452 467 1525 domam
538 1449 678 1541 rrdxit,
705 1448 874 1549 tempore
891 1505 900 1537 ,
920 1462 963 1521 ut
998 1451 1124 1542 votus,
1144 1451 1184 1524 in
1202 1450 1378 1553 idcrymis
1394 1452 1585 1567 proitisus,
1604 1454 1646 1527 in

314 1474 959 1639 verisimiiirinecre'ditur,tlonstun·
997 1546 1103 1623 bunis
1136 1547 1299 1650 denique
1332 1549 1479 1625 ictibus
1506 1546 1647 1651 probi·

316 1650 373 1723 tini
414 1650 549 1753 Magni
595 1649 649 1723 im
677 1647 857 1736 cratoris,
902 1645 961 1719 vel
997 1660 1056 1722 tus
1077 1661 1191 1748 atque
1214 1650 1418 1749 perfectus.
1439 1650 1561 1745 Quem
1585 1654 1646 1725 in-

316 1747 475 1823 fitidmnr
514 1750 611 1849 ejus.
653 1672 707 1821 ibi
743 1744 961 1844 Apostdiicae
996 1760 1054 1821 ter
1087 1770 1195 1821 arma
1236 1746 1406 1823 birbarae
1486 1751 1561 1825 ntis
1604 1764 1645 1826 et

316 1846 557 1923 institutidnis
581 1844 797 1949 magistdrio
817 1844 960 1919 formi-
995 1870 1120 1921 mores
1148 1846 1398 1923 ferocissimos
1450 1848 1551 1923 rvina
1566 1850 1647 1924 vir-

317 1960 379 2039 tus,
401 1947 452 2023 de
475 1946 554 2023 hoc
571 1968 678 2020 sacro
696 1944 801 2019 fonte
819 1943 963 2043 occepit
996 1958 1055 2019 tus
1084 1945 1257 2021 servibat
1285 1944 1455 2038 illaesum,
1488 1961 1534 2023 ut
1555 1972 1646 2023 eru-

319 2044 411 2147 qnod
472 2044 679 2121 verissimis
741 2041 963 2118 testimdniis
995 2042 1095 2121 diret
1109 2044 1268 2218 plebem
1297 2045 1492 2140 fidetium,
1517 2058 1556 2121 et
1576 2070 1647 2120 ur-

319 2145 555 2317 ptstrnodum
573 2142 960 2245 pdpulispropindret.
996 2142 1084 2218 bem
1127 2144 1264 2220 aecibus
1284 2144 1474 2219 idolorum
1496 2145 1646 2245 penitus

347 2241 962 2340 xdtocumveterihdntinepridri
997 2243 1176 2343 expiiret.
1221 2244 1363 2321 Verum
1384 2246 1440 2319 ita
1477 2243 1646 2320 inidndis
1760 2313 1764 2321 .

319 2343 511 2437 rodhoh,
531 2342 718 2419 Mansudti
742 2364 882 2416 nornen
908 2352 965 2415 est
996 2342 1185 2417 idoidrutn
1214 2343 1357 2418 retibus
1389 2342 1549 2444 pdpulus
1573 2344 1646 2419 nd-

321 2444 565 2537 consectitus,
599 2440 648 2516 ab
685 2442 803 2543 ugni,
848 2464 963 2540 quarn
998 2440 1176 2533 haerdbat,
1211 2455 1255 2516 ut
1280 2467 1372 2517 voce
1398 2456 1437 2519 et
1465 2442 1646 2545 exemplis

320 2538 964 2657 pneierdbat,mansuetidine.'l'um
998 2542 1055 2615 vir
1070 2554 1222 2617 sanctus
1239 2566 1375 2641 parum
1401 2542 1642 2642 profecisset,

322 2642 534 2717 rnGiiiiam
552 2641 741 2741 Belgicam
759 2639 809 2713 ad
831 2639 967 2754 pnedi-
998 2640 1069 2713 nisi
1113 2640 1264 2715 deini
1301 2640 1450 2715 bonitas
1486 2640 1646 2715 verbum

322 2740 479 2815 cindum
501 2740 656 2836 missus,
674 2764 718 2814 nc
735 2739 965 2813 Ponttficdlis
1025 2741 1147 2815 iettitis
1186 2740 1434 2839 promovisset
1475 2739 1647 2814 admiri-

324 2842 550 2917 unctorittitis
563 2838 807 2941 premunitus
821 2836 966 2937 priviie'·
999 2766 1065 2913 iili
1113 2838 1238 2913 dere.
1272 2840 1367 2913 Cum
1410 2840 1512 2914 enirn
1546 2842 1647 2913 Prae-

347 2940 393 3037 'o,
410 2941 621 3017 leucdrurn
638 2936 743 3013 urbis
760 2936 903 3011 civibus
928 2960 966 3010 sc
999 2938 1090 3012 fecti
1133 2864 1237 3013 iliius
1279 2962 1300 3012 e
1345 2939 1497 3037 speculo
1539 2936 1647 3012 iudos

325 2964 470 3131 intuiit,
506 3038 558 3113 sd
591 3038 721 3113 dmnia
766 3036 968 3138 supplicii·
1001 3037 1190 3137 equestres
1223 3038 1410 3137 spectiret
1441 3036 1647 3131 attentius,

327 3164 404 3211 rum
432 3139 575 3241 ginera
611 3138 776 3238 perdtus.
813 3136 965 3209 Tullum
1001 3136 1140 3211 decidit
1163 3148 1243 3211 ute
1265 3137 1448 3236 superiori
1478 3135 1648 3210 tabulito

328 3238 375 3312 ita
400 3262 446 3315 ue
469 3236 685 3341 ingrdssus,
710 3250 748 3311 et
765 3234 965 3309 birbsram
1001 3260 1165 3337 preceps
1183 3236 1223 3309 in
1243 3249 1384 3311 terram
1408 3234 1538 3309 nieret
1557 3234 1650 3309 exd-

330 3264 605 3413 mditittidinem
619 3333 852 3425 niivdritus,
874 3332 965 3407 iidei
1002 3336 1139 3424 nimis,
1189 3334 1312 3409 donec
1364 3334 1540 3433 quesitus
1581 3358 1651 3433 per

330 3437 600 3511 sacramentum
618 3449 658 3509 et
674 3434 891 3509 Christidnoe
908 3457 968 3505 re-
1003 3433 1171 3508 triduum
1229 3431 1446 3508 Mansuetus
1494 3432 1649 3507 tandem

331 3534 466 3636 iigiinis
477 3536 627 3611 cultum
644 3536 824 3610 Leucdnis
839 3531 968 3634 praedi·
1002 3530 1178 3626 adrdnit,
1199 3533 1364 3634 fusisque
1380 3532 1428 3608 sd
1449 3534 1572 3606 Deum
1600 3530 1649 3606 de

333 3637 559 3738 cirecoepit,
579 3635 701 3735 iisque
717 3637 815 3708 viorn
840 3631 969 3706 salitis
1001 3657 1109 3708 more
1135 3632 1320 3734 pre‘cibus,
1348 3632 1539 3706 mdrtuurn
1555 3631 1652 3730 prie-

334 3737 479 3834 aperire.
500 3731 640 3810 Besitus
654 3747 779 3810 antem
799 3732 967 3806 Pontiiex
1004 3757 1088 3807 rum
1106 3735 1190 3808 vitae
1215 3733 1379 3808 restituit
1402 3755 1542 3832 magno
1564 3732 1651 3802 ‹irn-

334 3835 367 3906 in
392 3836 592 3934 prospectu
619 3833 751 3928 urbis,
782 3831 970 3906 umbrosis
1005 3833 1109 3906 nium
1132 3833 1297 3932 stupdre.
1320 3833 1417 3905 ilinc
1434 3832 1576 3904 sactum
1593 3843 1651 3904 est

336 3935 509 4032 spirirum
533 3931 732 4009 frondibus
753 3931 967 4007 contectum
1003 3943 1046 4004 ut
1077 3945 1155 4006 tota
1180 3931 1351 4006 Praeie'cti
1382 3929 1547 4016 familia,
1583 3951 1652 4003 co·

338 4033 447 4108 locum
477 4033 690 4134 delegerat,
723 4035 763 4107 in
793 4057 867 4130 quo
900 4029 1108 4130 soii'pidsa
1140 4029 1276 4105 civium
1311 4043 1459 4120 turma,
1490 4039 1529 4102 et
1562 4051 1651 4101 mox

338 4131 775 4222 dmvacnnsstte‘ntius,
796 4142 969 4204 sanctum
1004 4129 1174 4230 plerique
1204 4129 1368 4245 regidnis
1398 4127 1531 4202 incolae
1570 4129 1651 4200 Do-

340 4257 418 4330 opus
432 4234 530 4308 votis
554 4229 711 4306 assiduis
729 4227 969 4306 commendi-
1004 4228 1143 4304 minico
1155 4253 1260 4344 gregr
1276 4227 1584 4328 adjungerentur.

341 4327 404 4406 bat.
665 4363 669 4371 ·
999 4335 1038 4422 td.
1075 4329 1106 4403 Ο
1136 4353 1261 4402 virum
1287 4326 1516 4416 miribilern‚
1535 4347 1650 4424 quem

339 4437 364 4496 ι’.
390 4429 444 4504 dd
459 4443 615 4532 gentem
644 4429 852 4503 lcucdrum
884 4424 972 4498 mis·
1004 4441 1111 4504 tanta
1138 4427 1331 4600 sipndrum
1366 4423 1549 4526 potestite
1571 4425 1653 4498 Di)-

341 4553 412 4620 sus,
441 4529 583 4604 multos
608 4526 657 4602 ad
688 4527 823 4602 Christi
855 4523 970 4598 fidem
1005 4529 1131 4602 minus
1191 4521 1368 4613 censivit,
1400 4519 1420 4566 *
1457 4525 1508 4599 Ut
1536 4523 1651 4597 e'tiarn

341 4629 572 4729 verbosique
590 4627 762 4726 extimplo
781 4624 968 4727 perdtixit:
1004 4627 1242 4728 unigc'nitum
1284 4623 1403 4726 patris
1442 4623 1491 4696 ad
1534 4623 1651 4698 vitam

342 4723 353 4758 *
376 4730 454 4803 Non
478 4728 660 4827 martyrio
681 4726 878 4812 voltintas,
905 4721 969 4797 sed
1005 4724 1248 4802 revocdverit.
1269 4721 1306 4800 i.
1330 4725 1422 4796 Erat
1439 4723 1539 4796 enirn
1574 4745 1652 4793 rna·

344 4827 511 4904 voiuntdti
536 4826 762 4928 martyrium
781 4820 966 4900 defuitt
1004 4851 1102 4928 gnus
1130 4825 1171 4898 in
1201 4823 1314 4924 ‹iperc
1335 4821 1589 4908 et-sermdnc,
1616 4833 1655 4893 et

343 4927 468 5025 Cipide
488 4925 706 5001 volebimus
731 4924 878 4999 tridere
902 4947 970 4996 vo·
1006 4949 1134 5001 rerum
1153 4921 1385 4998 mirabilium
1403 4919 1656 5022 potritor.Ut.

345 5023 392 5098 bis
435 5051 511 5102 non
560 5023 681 5099 solum
723 5023 969 5125 Evangelium
1218 5019 1346 5094 Lectio
1372 5019 1421 5114 vj.

346 5123 421 5216 dei,
440 5124 504 5200 sed
521 5123 636 5202 stiam
653 5123 798 5198 inimas
810 5135 967 5198 nostras.
1005 5130 1142 5303 Acri
1159 5121 1274 5224 igitur
1286 5143 1379 5221 pace
1392 5118 1533 5220 potitus
1544 5117 1654 5190 dian-

346 5221 428 5298 Non.
1097 5221 1236 5312 sue'tus,
1264 5220 1446 5320 templum
1477 5217 1556 5291 Deo
1585 5219 1655 5290 uni

562 5317 686 5392 Lectio
711 5341 745 5390 v.
1009 5335 1048 5397 et
1064 5322 1164 5396 trino
1181 5318 1301 5394 erixit
1318 5332 1357 5394 et
1372 5315 1557 5407 samson,
1576 5315 1655 5391 cie·

349 5427 470 5592 Fur
486 5433 613 5495 autern
635 5421 849 5498 Mansuetus
867 5419 978 5496 decd-
1010 5447 1095 5497 rum
1134 5414 1339 5508 ordintvit,
1375 5417 1657 5518 compositoque

376 5550 404 5594 ,J
432 5543 493 5592 rus
516 5519 692 5619 aspectu,
726 5519 895 5596 mdribus
927 5521 979 5594 lc·
1013 5513 1658 5618 adomnempietitempopolopid·

361 5617 428 5704 nis,
442 5616 757 5720 aliiquiosudvis,
772 5621 983 5698 constitutio
1016 5619 1098 5696 cido
1128 5620 1258 5698 mortis
1281 5617 1414 5718 sopdrr
1436 5615 1632 5690 corrdntus
1648 5672 1666 5712 ,⁸

396 5739 514 5792 ssnn
538 5743 567 5792 s.
587 5745 746 5799 nsonsn.
1492 5722 1514 5786 5
