5325 7200
937 1080 993 1132 nm
1017 1079 1054 1130 ιιι
1077 1079 1175 1134 mna.
1202 1081 1232 1131 s.
1260 1081 1442 1134 amramis.
1893 1063 1914 1132 e

457 1233 578 1416 Orgtpp
595 1233 743 1333 propria
764 1234 869 1322 Deus,
890 1236 950 1333 qui
977 1235 1132 1322 baritum,

453 1367 492 1441 p.
584 1397 594 1415 .

635 1557 691 1607 nm
715 1558 786 1608 ιιι
809 1557 952 1608 armus.

502 1655 524 1744 ς
536 1651 579 1721 in
591 1652 696 1722 Festo
707 1647 955 1722 secanam
963 1649 1133 1736 Senensis

458 1757 498 1852 pit
521 1754 656 1830 domm.
683 1759 723 1828 S.
753 1754 933 1852 Eutropii,
959 1753 1075 1852 Epioe.
1102 1767 1137 1826 et

459 1869 597 1961 Martyr.
608 1891 621 1945 ,·
656 1863 778 1936 Oratio
803 1863 1064 1948 Infrunitotem,
1092 1862 1137 1936 dc

687 2187 741 2238 om
766 2189 789 2239 ι
813 2188 898 2238 ιιιιιι.

504 2291 584 2382 §In
601 2295 706 2364 Festo
717 2295 756 2365 S.
773 2291 955 2385 Antonini,
970 2291 1137 2388 Episcopi

462 2411 493 2468 ct
506 2395 623 2492 Confi,
637 2411 719 2494 post
735 2400 867 2470 Gomm.
884 2401 948 2470 SS.
969 2398 1138 2472 Gordiani

380 2548 383 2565 ·
462 2519 494 2578 et
526 2505 732 2602 Epimacoi,
766 2509 887 2598 Mart,
920 2505 962 2600 lit
1003 2509 1134 2582 oomni.

461 2614 497 2684 S.
512 2611 697 2696 leonardi,
712 2611 836 2707 Confi,-
856 2610 975 2684 Oratio
995 2609 1135 2699 Adesto,

463 2715 504 2788 dc
521 2717 706 2791 commoni
724 2716 939 2813 confessoris
956 2741 1027 2790 non
1050 2721 1140 2792 Pon·

465 2824 577 2918 tipicis,
593 2850 630 2922 p.
646 2827 720 2922 xxj.

697 3055 751 3104 ota
769 3055 803 3106 11
819 3055 905 3106 tritt.

381 2868 384 2909 Ι

380 3104 384 3175 ³
576 3145 621 3219 m
644 3145 789 3220 resno
812 3147 851 3222 s.
878 3146 1021 3234 omn,

380 3276 383 3289 '
542 3277 744 3328 emman
763 3277 806 3326 tn·
828 3277 1058 3330 (IONFRSSOMS.

509 3361 612 3436 otissa
623 3363 674 3436 0s
683 3362 783 3459 justi,
799 3387 839 3459 p.
856 3387 913 3435 xx.

383 4791 387 4860 ι

730 3469 866 3542 Oratio.

522 3597 650 3661 amm,
668 3575 830 3669 Domine,
844 3576 937 3674 plebi
959 3584 1042 3674 tuae,
1065 3604 1142 3655 sari·

532 3682 578 3755 cti
590 3681 689 3755 Bciti
709 3682 921 3757 Coniessoris
943 3686 992 3758 tui
1010 3687 1142 3761 moritis

465 3796 498 3862 et
520 3790 797 3863 intercessione:
826 3796 866 3863 ut
892 3791 993 3865 bonis
1008 3795 1143 3869 intenta

466 3920 599 3993 semper
611 3896 787 3993 oporibus,
803 3898 841 3969 in
853 3906 914 3973 tua
931 3902 1042 3998 grotin
1062 3926 1143 4000 per·

465 4007 606 4077 seviret.
623 4004 690 4077 Per
702 4004 905 4077 Dominum.

681 4244 736 4294 nis
760 4244 818 4294 XXI
839 4243 924 4295 unu.

560 4339 606 4412 IN
630 4337 773 4413 FESTO
797 4338 836 4412 S.
863 4337 1039 4431 YVONIS,

579 4464 1019 4518 mrscorrmconressoms.

514 4550 620 4623 ttiesa
639 4551 781 4639 Stotnit,
796 4572 837 4645 p.
853 4572 909 4621 xv.

740 4655 872 4728 Oratio.

467 4784 589 4945 Essa
600 4764 796 4849 nobiscum,
812 4763 973 4851 Domine,
988 4770 1024 4837 et
1038 4764 1145 4839 libera

544 4892 611 4943 nos
634 4868 724 4942 beiti
750 4868 928 4942 Pontiticis
953 4877 988 4943 et
1009 4870 1147 4945 (lantes

466 4976 551 5049 soris
563 4975 615 5047 tui
628 4974 755 5047 Yronis
772 4975 1015 5049 intercessione
1036 4975 1148 5073 placo·

467 5088 548 5155 tus:
570 5104 676 5178 quem
700 5080 737 5152 in
762 5080 868 5155 donno
890 5088 951 5153 tua
968 5080 1147 5153 lucernam

382 5203 385 5238 ¹
418 5208 425 5262 t
468 5185 652 5259 ardentem
669 5192 705 5257 et
726 5184 901 5259 lucentem
923 5186 1143 5259 constituisti.

468 5292 534 5367 Per
545 5292 749 5365 Dominum.

676 5512 731 5561 nm
751 5512 820 5563 xxu
845 5510 933 5561 nnn.

731 5618 765 5667 ΙΝ
784 5616 886 5667 FESTO

533 5714 574 5789 S.
589 5712 769 5787 totonis
786 5710 1083 5794 NEPOMUOENI,

717 5842 901 5893 ιιιιιιιιιιε.

375 5871 378 6032 Ι
525 5930 690 6021 tantopore
715 5924 895 6010 Pascoaii,
931 5925 1035 5997 Misso
1062 5924 1149 5997 Pro-

1240 1235 1364 1322 texisti,
1392 1235 1436 1308 de
1460 1235 1653 1328 Communi,
1676 1259 1712 1331 p.
1737 1235 1808 1332 viij,
1835 1257 1917 1308 cnm

1241 1337 1337 1412 Orat.
1352 1365 1424 1440 seq.
1440 1353 1473 1414 et
1485 1345 1617 1438 Eoonp.
1640 1340 1735 1414 Nihil
1752 1347 1804 1414 est
1815 1343 1918 1437 opor-

1241 1454 1330 1541 tum,
1343 1463 1381 1521 nt
1392 1450 1429 1522 in
1440 1449 1543 1523 Misso
1552 1449 1753 1536 Loetibitur,
1769 1448 1812 1524 dc
1823 1452 1918 1523 oom-

1238 1556 1352 1643 mani,
1367 1577 1404 1652 p.
1424 1555 1482 1652 vij.
1866 1601 1869 1608 .
1898 1597 1900 1602 ·

1290 1666 1371 1736 Post
1387 1666 1624 1751 Pentecosten,
1647 1662 1755 1736 Missa
1770 1659 1919 1736 Lintibi-

1241 1777 1310 1857 tur,
1343 1770 1387 1844 de
1411 1771 1615 1856 Communi,
1643 1794 1679 1867 p.
1710 1772 1760 1868 vj,
1788 1783 1919 1867 praem

1235 1877 1621 1975 Orationesscqacntcs.

461 1973 588 2044 Coram.
604 1969 711 2042 anias
722 1972 826 2043 Mart.
843 1973 962 2062 Pone,
975 1991 1012 2064 p.
1029 1968 1099 2063 n‘ij.
1252 1999 1255 2006 ·

1512 1983 1645 2056 Oratio.

1307 2109 1382 2183 nas,
1397 2090 1458 2187 qui
1472 2090 1518 2164 ab
1532 2089 1698 2164 invictum
1711 2090 1801 2164 beiti
1814 2091 1921 2166 ioan·

1240 2113 1376 2270 Dnis
1389 2197 1638 2272 sacramentile
1654 2197 1844 2282 silentium,
1862 2219 1921 2271 no·

1240 2325 1283 2375 na
1295 2301 1486 2375 Ecclesiam
1505 2308 1602 2376 tuam
1619 2303 1770 2399 Martyrii
1792 2303 1921 2376 corona

1239 2406 1410 2482 decoristi
1431 2437 1439 2480 :
1463 2408 1641 2494 danobis,
1665 2409 1741 2506 ejus
1762 2407 1922 2482 interces-

1241 2513 1562 2610 sioneetcxomplo,
1572 2513 1727 2613 linguam
1738 2521 1922 2590 cautccus

1242 2621 1367 2707 todire,
1387 2627 1422 2694 et
1433 2622 1552 2695 omnia
1564 2622 1680 2718 potins
1692 2622 1798 2710 mala,
1815 2643 1921 2720 quam

1242 2727 1369 2800 onimae
1383 2725 1631 2800 detrimentum
1649 2729 1684 2800 in
1704 2729 1774 2804 hoc
1793 2728 1921 2806 secuto

1243 2832 1404 2908 tolerire.
1429 2834 1495 2908 Per
1511 2833 1713 2908 Dominum.

1504 2941 1658 3012 Secreta.

1304 3069 1349 3119 nn
1367 3045 1445 3119 heac
1466 3051 1540 3131 tua,
1560 3045 1720 3128 Domine,
1736 3063 1834 3117 sacra
1850 3066 1923 3139 my-

1242 3065 1441 3240 Poena,
1470 3152 1532 3226 illo
1554 3175 1618 3226 nos
1640 3151 1819 3225 charitotis
1844 3152 1923 3248 igne

1243 3257 1490 3350 accendimur,
1518 3281 1589 3356 qno
1615 3257 1762 3330 invictus
1795 3257 1924 3352 Martyr

1243 3365 1394 3438 laonnes
1404 3363 1526 3438 eadem
1535 3363 1919 3462 peragendoflagrahat.

1243 3472 1310 3545 Per
1321 3470 1511 3544 Dominum
1530 3475 1703 3544 nostrum.

1439 3577 1735 3653 Poetcommanio.

1302 3682 1925 3773 rmrron,Domine,tartitodinishaec

1248 3710 1414 3870 Suebis
1440 3793 1570 3867 tribnat
1600 3815 1721 3867 mensa
1745 3790 1920 3865 coelostis:

1245 3925 1325 3999 qnae
1341 3900 1431 3975 beoti
1444 3898 1602 3996 Martyris
1616 3896 1666 3970 tui
1682 3895 1824 3970 ioannis
1844 3916 1926 3967 con·

1245 4016 1300 4083 tra
1324 4008 1533 4083 sacramenti
1560 4006 1730 4079 honorem
1756 4004 1924 4077 tentitam

1246 4113 1476 4187 constontiam
1494 4112 1624 4209 jogiter
1646 4110 1733 4183 ituit
1755 4108 1799 4182 ad
1822 4108 1925 4183 victo

1246 4222 1348 4297 riam.
1364 4221 1431 4295 Per
1444 4219 1632 4293 Dominum
1649 4222 1821 4291 nostram.

1453 4436 1508 4486 DlE
1526 4434 1605 4483 xxiv
1623 4432 1709 4484 noll.

1382 4531 1427 4605 ΙΝ
1452 4527 1594 4605 FESTO
1610 4527 1653 4601 B.
1676 4527 1723 4601 Μ.
1744 4524 1785 4598 V.

1490 4660 1549 4711 sun
1572 4658 1690 4709 τιιιιιο

1282 4743 1497 4819 numitori
1518 4734 1890 4813 CHRISTIANORUM.

1298 4852 1401 4927 Misso
1423 4848 1550 4940 Salve,
1573 4852 1705 4931 sancta,
1717 4868 1757 4941 p.
1775 4842 1922 4939 cxrxnij.

1445 5084 1498 5134 DIE
1516 5078 1619 5131 xxvut
1642 5075 1727 5128 Mill.

1329 5182 1374 5256 m
1398 5176 1540 5253 FESTO
1563 5174 1603 5249 S.
1630 5168 1844 5253 GERMANI,

1362 5308 1505 5362 oniscon
1524 5305 1566 5355 rr
1585 5298 1814 5355 aonrrssonrs.

1299 5393 1407 5467 Missa
1418 5388 1622 5467 Sacerdotes
1635 5384 1699 5477 tui,
1714 5406 1754 5481 p.
1772 5380 1852 5477 xvij.

1471 5601 1525 5651 nte
1551 5598 1587 5647 ΙΙΙ
1611 5594 1706 5649 sunit.

1316 5700 1362 5775 m
1386 5692 1527 5770 msra
1548 5692 1586 5765 s.
1615 5680 1857 5773 monime,

1337 5824 1541 5883 nnnnconan
1559 5818 1705 5885 nonina,
1720 5812 1842 5865 vinum.

1301 5918 1404 5993 nina
1418 5906 1583 6006 Cognovi,
1600 5903 1643 5976 dc
1667 5896 1851 5975 dornmnni
1867 5916 1932 5970 nco
