5325 7200
656 1050 720 1119 Die
741 1051 835 1143 xxxj.
857 1046 1028 1143 Augusti,
1051 1046 1087 1117 S.
1108 1045 1303 1119 ttansuen.
1619 1059 1645 1135 9

298 1196 384 1261 lor.
407 1190 684 1267 Desiderdntes
697 1214 772 1281 ros,
787 1191 803 1220 *
820 1188 957 1290 cripide
1074 1280 1078 1287 ι
1206 1182 1333 1257 Lectio
1353 1184 1428 1279 viij·

298 1288 521 1365 rolebdmus
549 1292 703 1365 tridere
732 1288 849 1383 vobis,
879 1314 956 1364 non
997 1297 1150 1463 Aorno
1167 1300 1248 1363 erat
1264 1289 1386 1389 majus
1401 1290 1647 1391 impedime'n·

300 1392 419 1465 solum
463 1390 717 1491 Evangdlium
757 1390 847 1478 Dei,
892 1388 956 1464 sed
1088 1399 1183 1473 tum,
1204 1386 1306 1489 quod
1323 1414 1399 1463 non
1421 1390 1535 1465 modo
1550 1418 1646 1467 con-

301 1490 414 1565 itiam
434 1490 957 1589 dnimasnostras;quoniam
993 1484 1155 1560 suetrido
1182 1501 1260 1563 tam
1290 1488 1448 1587 antiqua
1476 1492 1646 1565 mutare-

301 1589 487 1665 carissimi
506 1589 727 1665 nobisfacti
746 1589 953 1680 estis,allel.
996 1596 1082 1677 tur,
1112 1583 1179 1661 sed
1212 1586 1326 1661 titiam
1358 1588 1461 1687 quod
1487 1592 1646 1667 mutdtio

302 1686 864 1789 ,liunEvangte'lium'nostrum
881 1710 958 1761 non
994 1682 1060 1755 illa
1093 1708 1181 1759 cum
1205 1684 1372 1785 periculo
1401 1688 1527 1764 fieret.
1560 1692 1648 1764 Cre·

302 1790 378 1865 tuis
393 1788 447 1863 ad
463 1812 530 1861 vos
547 1790 587 1863 in
606 1788 780 1862 sermone
795 1801 957 1879 tantum,
995 1779 1150 1857 dentem
1183 1786 1311 1859 statim
1342 1788 1539 1863 accidebat
1574 1815 1647 1889 pu-

305 1888 367 1964 sed
403 1890 447 1963 iu
482 1888 655 1979 virtrite,
685 1901 725 1961 et
754 1888 793 1959 in
818 1887 960 1986 Spiritu
996 1879 1143 1975 blictri,
1186 1884 1262 1977 elli,
1283 1886 1445 1983 opdtria
1457 1887 1644 1983 excidere,

306 2002 451 2079 sancto,
464 1988 558 2063 etin
573 1985 810 2091 plenititdine
824 1986 957 2079 multa,
996 1980 1044 2053 ab
1059 1910 1235 2057 omnilrus
1252 1982 1340 2057 ddio
1365 1985 1497 2063 habe'ri
1514 2044 1523 2080 ,
1542 2013 1645 2063 com·

306 2088 471 2165 alleluiis.
996 2080 1150 2155 mtinem
1175 2082 1322 2157 hostem
1342 2108 1422 2161 esse
1444 2100 1483 2160 et
1506 2088 1582 2163 suis
1608 2103 1648 2162 et

311 2233 334 2255 ι.
368 2189 458 2263 Non
492 2182 585 2259 fecit
610 2184 736 2259 tdliter
760 2185 865 2258 omni
896 2208 961 2257 no·
997 2178 1175 2256 alienis...
1196 2180 1254 2256 Ad
1272 2184 1588 2260 consuenidinem
1606 2202 1646 2263 et

307 2288 413 2363 titini.
428 2296 462 2377 tt.
480 2283 689 2382 Etjudicia
705 2308 773 2357 sua
790 2308 866 2359 non
884 2306 960 2356 mo·
997 2278 1046 2352 ad
1063 2280 1225 2379 periculo
1245 2280 1285 2355 id
1303 2280 1433 2373 addas,
1450 2285 1552 2385 quod
1566 2285 1663 2361 huc·

307 2384 500 2461 nilesttivit
515 2386 583 2457 eis.
996 2379 1181 2479 praece'ptc
1214 2383 1434 2457 onerosiora
1451 2398 1588 2475 essent,
1608 2400 1648 2461 et

307 2486 434 2561 'detio
458 2483 582 2559 sancti
608 2482 801 2584 Evangelii
825 2480 961 2556 scotin-
997 2500 1082 2551 eoa
1104 2478 1241 2578 quibus
1259 2478 1522 2575 adducebant,
1549 2484 1647 2559 le'viu

480 2582 575 2657 dum
602 2582 786 2655 Marcum.
997 2589 1036 2651 et
1057 2577 1199 2652 facilia.
1226 2581 1324 2656 Nam
1345 2606 1370 2655 a
1393 2583 1648 2659 fornicatione

409 2680 537 2753 Lectio
556 2678 618 2773 rij.
672 2686 764 2781 Cap.
787 2680 848 2754 16.
997 2674 1046 2749 ad
1083 2674 1295 2755 castitdtem
1338 2681 1548 2774 rodmunt,
1594 2683 1644 2758 ub

340 2780 456 2857 nillo
483 2778 656 2877 limpore
686 2808 695 2853 ε
726 2780 829 2855 Dixit
856 2778 963 2855 lesus
996 2776 1126 2851 omdre
1158 2778 1243 2854 vitre
1284 2782 1336 2857 ad
1370 2795 1560 2874 mortem,
1597 2783 1647 2857 ab

308 2794 561 2980 [discipulis
594 2880 670 2953 suis
703 2904 712 2951 r
744 2880 888 2953 Etintes
922 2878 962 2952 in
997 2873 1178 2950 ebrietdte
1208 2877 1257 2953 ad
1282 2880 1489 2983 jejtinium,
1521 2906 1545 2955 ιι
1570 2882 1646 2957 risu

311 2980 496 3054 mundum
536 2979 785 3070 universum,
826 2976 960 3077 praedi·
997 2972 1046 3047 ad
1087 2972 1272 3076 la'crymus
1312 2996 1352 3056 et
1387 2981 1647 3079 compunctio-

309 3082 388 3154 ca'te
414 3079 668 3181 Emngelium
685 3078 791 3153 omni
814 3078 964 3153 creatri-
998 3096 1108 3167 nem,
1127 3074 1177 3149 ab
1194 3081 1351 3156 avaritia
1367 3078 1416 3153 ud
1442 3081 1644 3180 pauperti-

311 3204 370 3253 τε.
390 3180 439 3254 Et
456 3178 618 3277 relliqua.
999 3186 1122 3246 tem...
1143 3174 1243 3269 Quid
1270 3204 1362 3283 ergo
1388 3178 1473 3253 illos
1487 3178 1647 3257 inducti·

309 3272 959 3375 llomillaS.losinnisChrystistomi.
997 3270 1091 3345 bat?
1120 3271 1178 3347 An
1207 3300 1286 3355 non
1319 3281 1439 3353 virtus
1471 3278 1647 3381 ejusqui

311 3390 526 3561 Αιοςιιιιι
544 3400 591 3451 eo
607 3400 690 3477 quse
698 3374 963 3548 praedicdrunt
998 3370 1285 3469 praedicabitur,
1307 3392 1351 3452 ut
1366 3376 1492 3477 polum
1509 3379 1593 3453 est?

375 3500 597 3575 ,numquam
621 3500 696 3574 prae
725 3474 858 3549 icottiri
877 3475 962 3549 luis·
993 3480 1032 3567 tl.
1053 3470 1155 3545 Talis
1180 3472 1340 3551 decebat
1363 3492 1406 3551 ut
1426 3475 1536 3551 uobis
1552 3491 1649 3553 esset

311 3590 411 3670 sent,
431 3576 505 3650 nisi
532 3572 663 3650 divina
679 3574 856 3648 movente
873 3576 961 3676 grti-
997 3569 1128 3645 Pastor
1157 3586 1196 3648 et
1224 3576 1395 3652 Pontifex
1418 3572 1439 3616 *
1462 3576 1535 3672 Qui
1560 3603 1648 3652 oves

315 3677 373 3748 tia.
417 3678 514 3750 Eam
560 3700 640 3749 rem
685 3675 958 3768 excudimus,
997 3692 1082 3743 suos
1105 3686 1238 3748 contra
1265 3675 1376 3776 lupos
1397 3675 1645 3765 defenderet,

312 3774 625 3874 ostendamtisque
676 3798 754 3848 non
796 3773 961 3872 potuisse
997 3779 1037 3842 et
1052 3768 1223 3847 errrintes
1241 3773 1500 3850 humerissuis
1515 3776 1648 3850 udovi-

313 3899 370 3948 eos
393 3875 433 3948 id
449 3874 642 3974 suscipere
660 3931 668 3966 ‚
688 3874 746 3948 vel
764 3897 807 3946 co
836 3873 958 3966 itsirc,
997 3865 1032 3939 le
1052 3873 1271 3968 reportsiret.
1297 3875 1332 3950 i.
1359 3873 1537 3949 Conversi
1562 3877 1650 3950 estis

314 3975 378 4047 nisi
413 3973 608 4048 Christum
649 3997 776 4047 secum
809 3899 960 4047 labuis·
996 3989 1099 4042 nunc
1112 3966 1161 4041 ad
1173 3973 1365 4047 Pastorem
1377 3973 1647 4138 etEpiscop'um

313 4086 390 4147 seut
421 4101 429 4146 :
455 4098 533 4148 non
564 4072 655 4174 quia
670 4069 848 4146 imbecilli
892 4073 960 4148 ad·
996 4067 1207 4142 animt'trum
1223 4074 1442 4150 vestrirum.
1457 4075 1542 4169 Qui.
1595 4073 1648 4147 lo·

314 4173 434 4246 re'rsus
451 4173 597 4264 lortes3
616 4197 694 4246 non
712 4173 800 4270 quis
817 4172 959 4248 indocti
997 4165 1054 4238 ria
1069 4167 1184 4246 Patri.
1203 4169 1291 4266 Qui.

315 4285 440 4346 contra
457 4273 648 4372 sapientes
666 4271 785 4346 dciem
803 4272 960 4346 instrnd·
1224 4269 1351 4343 Lectio
1369 4269 1417 4343 ix.

316 4369 438 4444 bant:
474 4371 542 4446 sed
580 4371 671 4472 quio
712 4369 961 4469 prejudicatus
1097 4369 1649 4472 ronunestmiriculum,quod

316 4471 495 4568 opinionis
511 4494 653 4572 magna
669 4469 723 4542 ris
740 4483 834 4544 erat.
853 4469 961 4544 Scitis
1115 4471 1286 4550 birburis
1314 4471 1533 4546 hominibus
1561 4497 1649 4572 per·

316 4569 411 4642 enim
440 4569 538 4644 nihil
558 4567 660 4669 apud
677 4567 851 4643 homines
867 4569 961 4643 vali·
996 4577 1183 4650 sudserint
1199 4586 1241 4646 ut
1259 4571 1372 4646 talem
1390 4571 1466 4645 tiss
1483 4573 1650 4671 suscipe-

317 4667 395 4742 dius
409 4693 489 4744 esse
515 4667 655 4744 veteris
680 4669 961 4744 consuetudinis
997 4689 1094 4765 rent,
1115 4687 1154 4749 et
1170 4671 1309 4746 bonam
1327 4669 1375 4744 de
1391 4669 1528 4744 futuris
1543 4695 1648 4770 spem

319 4767 524 4866 tyrinnide‚
571 4767 733 4843 mdxime
775 4793 863 4842 cum
914 4769 962 4843 de
997 4772 1197 4865 haberent3
1217 4783 1273 4856 ut,
1291 4767 1460 4868 deposito
1481 4769 1649 4867 priorum

318 4867 412 4940 cultu
431 4869 623 4972 religionis
639 4867 740 4943 etde
756 4869 824 4942 Dei
842 4869 963 4970 gloria
998 4873 1236 4973 peccatorum
1254 4869 1426 4958 siccine,
1445 4893 1533 4941 cum
1563 4893 1649 4942 mu-

318 4966 446 5066 igitur.
994 4997 1070 5074 gna
1087 4972 1203 5046 snimi
1221 4967 1416 5043 alacritsite
1428 4965 1566 5041 deinde
1579 4994 1648 5068 pro

317 5079 350 5158 st.
380 5061 626 5142 Annuntirivit
649 5066 687 5140 in
717 5066 901 5144 Gentibus
922 5083 962 5143 et
994 5073 1133 5146 virtrite
1153 5068 1300 5144 lobdres
1316 5067 1569 5166 susciperent3
1606 5082 1649 5141 ut

321 5166 482 5242 auditum
512 5167 630 5256 iecit;
651 5167 788 5242 levirit
811 5169 959 5269 signum
994 5169 1168 5244 omnibus
1191 5166 1381 5266 corporeis
1406 5164 1518 5239 rebus
1541 5191 1651 5266 supe-

322 5267 432 5340 crucis
450 5268 489 5339 in
507 5265 654 5368 populis
669 5289 680 5358 3
702 5267 857 5342 connisa
874 5281 962 5341 sunt
994 5269 1111 5344 riores
1124 5267 1260 5355 effecti,
1276 5252 1485 5363 spiritudlia
1502 5266 1649 5364 accipe-

321 5365 538 5464 sculptilia,*
562 5367 611 5462 Qu
662 5365 743 5440 ritu
759 5379 848 5442 sunt
860 5366 961 5442 idola
994 5382 1079 5444 rent
1095 5367 1207 5444 dona.
1221 5365 1282 5440 Te
1298 5367 1419 5440 Deum
1435 5363 1647 5444 laudrimus.

323 5463 502 5546 strumo.
523 5391 740 5568 Quodeergo
757 5465 839 5540 tusi
869 5491 958 5541 num
1176 5467 1239 5540 Al)
1267 5465 1466 5557 LAUDES,

324 5561 418 5654 lacis,
436 5580 479 5640 ut
493 5562 691 5640 viderimus
708 5579 746 5640 et
762 5492 960 5642 credimus
1195 5561 1433 5662 Antiphonae.

326 5661 395 5738 tibi.
413 5666 609 5765 Superdta.
999 5666 1191 5741 tturtvit
1211 5665 1391 5740 Diminus
1410 5664 1424 5696 *
1441 5689 1549 5742 servo
1581 5691 1648 5742 suo

368 5789 510 5840 ιιτιιιιιι.
532 5789 562 5839 s.
583 5789 746 5841 osoorn.
1470 5771 1493 5838 2
