5325 7200
1055 821 1127 897 llic
1146 822 1221 901 xix.
1242 820 1433 909 ianuarii.
2086 836 2109 911 o

705 986 875 1067 Secreta.

442 1122 642 1179 rcurrrcruu
675 1106 858 1180 nostrum
889 1100 977 1196 tibi,
1017 1099 1200 1196 Domine,

464 1230 704 1309 quaesumus,
737 1208 844 1288 beati
880 1210 1010 1288 Mauri
1037 1208 1203 1287 Abbotis

383 1316 548 1405 precatio
581 1324 718 1395 sancta
753 1316 935 1397 conciliet
969 1344 981 1408 ;
1018 1324 1062 1395 ut
1091 1318 1203 1416 cujus

383 1422 526 1501 bonore
544 1422 775 1503 solemniter
788 1422 1010 1519 exhibetur,
1026 1427 1111 1524 ejus
1123 1423 1203 1501 me

384 1529 462 1607 ritis
493 1526 685 1609 efficietur
727 1530 947 1633 acceptum.
978 1532 1052 1609 Per
1069 1529 1204 1609 Domi-

384 1658 484 1715 num.
650 1680 656 1693 ·
1011 1701 1015 1708 ,

429 1737 676 1821 Communio.
717 1736 859 1819 ioann.
901 1741 959 1817 15.
983 1740 1068 1844 Ego
1103 1746 1201 1846 elegi

383 1873 458 1947 vos,
477 1859 516 1930 61
532 1850 651 1953 posui
667 1873 737 1930 vos
763 1857 806 1929 ut
832 1850 944 1947 cetis,
965 1859 1004 1929 et
1030 1851 1200 1931 fructum

383 1955 575 2054 afferetis,
608 1964 649 2036 ci
681 1957 832 2037 fructus
861 1967 990 2037 vester
1010 1958 1198 2037 moneat:

384 2076 425 2143 ut
450 2064 730 2166 quodcquue
764 2064 958 2166 petieritis
977 2066 1133 2145 Patrem
1157 2066 1197 2142 in

383 2170 536 2251 nomine
553 2195 659 2269 meo,
680 2170 748 2250 det
763 2172 892 2252 robis.

608 2276 944 2357 postcommunio.

440 2410 600 2467 uranicae
630 2397 669 2467 16
697 2386 910 2487 rogomuS,
949 2386 1202 2489 omnipotens

467 2493 588 2591 Deus,
617 2502 662 2573 ut
690 2514 792 2593 quos
824 2493 941 2573 donis
977 2492 1204 2571 coelestibus

384 2600 540 2698 satiosti,
556 2600 826 2681 intercedente
839 2599 956 2680 beoto
970 2600 1108 2679 blauro
1121 2600 1203 2678 Ab·

383 2706 480 2805 bote,
500 2711 694 2812 perpetuu
710 2708 966 2811 protectione
985 2706 1198 2787 custodias.

385 2814 699 2895 PerDominum.

609 3055 667 3108 nra
694 3054 769 3107 mx.
802 3053 972 3111 1111111.

385 3137 433 3217 ΙΝ
464 3136 628 3219 FESTO
659 3136 863 3221 INVENT.
894 3136 1052 3217 PUERI
1080 3136 1202 3219 JESU

499 3270 537 3324 IN
554 3267 744 3323 1111116111
758 3269 869 3323 Mauro
887 3268 1086 3323 DOCTOREM.

566 3353 768 3433 introitus
791 3352 1023 3431 1111111116.

394 3458 1207 3668 militaturam

394 3712 422 3805 g
458 3628 555 3795 offo
575 3697 646 3753 cor
674 3697 808 3752 meum
828 3702 839 3766 ;
860 3627 1021 3774 quaeslui
1055 3673 1205 3753 vultum

395 3792 554 3837 Ε
579 3789 705 3878 tuum,
715 3782 865 3861 vultum
880 3789 1007 3878 tuum,
1020 3779 1204 3876 Domine,

384 3889 610 3991 requiram:
632 3913 683 3969 16
702 3891 857 3968 avertas
874 3888 1015 3967 fecium
1041 3898 1148 3968 tuam
1183 3911 1206 3966 a

383 4017 457 4076 me.
476 4003 618 4082 Psalm.
635 3997 834 4080 Dominus
850 3996 1087 4077 illuminetio
1101 4019 1204 4093 mea,

384 4114 420 4183 et
433 4105 540 4187 salus
556 4128 659 4202 mea,
678 4127 798 4208 quem
815 4103 990 4184 timebo?
1007 4112 1045 4208 1.
1072 4103 1207 4185 Gloria

385 4211 502 4292 Patri.

715 4325 867 4402 Oratio.

456 4449 534 4524 aus,
550 4426 619 4529 qui
637 4424 890 4530 pulsantibus
905 4423 1036 4527 operis
1050 4431 1090 4502 et
1102 4444 1207 4524 quae·

382 4457 450 4628 D
485 4531 667 4612 rentibus
701 4542 740 4611 te
774 4530 968 4632 benignus
998 4529 1202 4609 occurris:

386 4639 557 4720 concode
607 4638 818 4741 propitius,
855 4647 900 4718 ut
936 4637 1205 4716 intercedente

385 4745 554 4848 gloriosa
580 4745 654 4824 Dei
686 4743 882 4825 Genitrice
909 4744 1049 4841 Maria,
1068 4742 1206 4822 sedula

384 4865 423 4932 te
440 4875 598 4955 semper
614 4852 822 4932 devotione
842 4873 1034 4952 quaerere,
1055 4857 1095 4929 et
1124 4849 1204 4928 feli·

386 4959 482 5039 citer
498 4960 676 5041 invenire
692 4958 904 5041 valeamus.
926 4959 1003 5038 Per
1020 4957 1204 5037 comdem

386 5066 617 5147 Dominum.
932 5096 937 5102 ·

431 5172 1048 5276 [161161111181111111111611.
1071 5184 1106 5255 5.
1126 5202 1160 5253 a.

442 5305 572 5380 unctu,
608 5290 649 5362 et
677 5281 853 5361 circutbo
871 5280 1067 5360 civitetem
1097 5305 1105 5356 :
1134 5301 1206 5381 per

386 5311 438 5504 S
457 5389 566 5468 ocos
581 5397 621 5468 et
637 5388 789 5491 plateas
806 5407 983 5489 quaeram
1009 5409 1129 5488 quem
1147 5387 1204 5464 dl-

386 5486 470 5590 bgit
503 5497 638 5574 enimn
668 5518 758 5575 mea
780 5523 789 5572 :
810 5494 975 5605 quaestqi
1009 5494 1136 5589 illum,
1166 5504 1205 5571 et

387 5621 465 5681 non
498 5602 644 5684 inveni.
680 5603 921 5683 Invenerunt
952 5624 1016 5680 me
1049 5601 1203 5702 uigileS,

385 5709 453 5808 qui
477 5710 915 5818 custodiuutcivitetem
935 5736 944 5787 ε
967 5709 1069 5787 Num
1089 5731 1206 5809 quem

386 5813 512 5920 diligit
537 5817 671 5898 onima
688 5841 777 5897 mea
793 5817 946 5898 vidistis
962 5819 981 5894 1
998 5815 1208 5895 Paululum

385 5944 474 6003 eum
490 5925 796 6030 pertransissem
821 5948 903 6022 eos,
930 5923 1061 6001 inreni
1089 5945 1208 6024 quem

389 6032 514 6137 diligit
550 6033 686 6112 ouima
720 6056 823 6114 mea.
859 6031 984 6112 Tenui
1015 6054 1105 6110 eum
1136 6055 1210 6111 nec

388 6140 599 6239 dimittam,
620 6139 747 6220 donec
769 6139 1019 6220 introddcam
1037 6137 1149 6217 illum
1167 6141 1208 6218 iu

446 6265 538 6320 uus.
557 6263 684 6320 aaran.
703 6263 808 6318 anor.
827 6263 930 6318 rear.

1292 994 1456 1075 domum
1476 1002 1615 1081 matris
1633 1024 1732 1083 mcae
1763 1012 1800 1081 61
1820 1000 1861 1077 11
1888 996 2116 1077 cubiculum

1290 1104 1490 1203 genitricis
1507 1130 1618 1187 meae.
1636 1108 1786 1210 bdjriro
1804 1130 1886 1202 vos,
1902 1104 2118 1185 1111161611-

1291 1210 1427 1309 salem‚
1440 1237 1512 1315 per
1531 1216 1707 1317 cepreas,
1725 1214 1941 1313 cervosque
1955 1212 2117 1315 campo·

1290 1339 1393 1414 rum,
1423 1343 1473 1399 ne
1499 1323 1708 1419 suscitetis,
1755 1343 1883 1422 neque
1933 1318 2117 1421 evigilare

1290 1422 1441 1505 iacietis
1459 1426 1644 1507 dilectam
1661 1430 1789 1509 donec
1807 1428 1894 1531 ipsa
1913 1424 2019 1505 velit.
2042 1427 2117 1506 Po-

1290 1552 1340 1609 ne
1358 1554 1422 1611 me
1437 1542 1480 1613 ut
1498 1535 1745 1636 signeculum
1764 1556 1884 1638 super
1898 1555 1968 1612 cor
1986 1540 2114 1629 tu'um,

1290 1647 1335 1717 ut
1352 1640 1597 1743 signaculum
1621 1667 1741 1747 super
1758 1640 1967 1719 brecbium
1986 1648 2114 1735 tuum,

1290 1748 1383 1847 quia
1401 1749 1514 1829 fortis
1533 1762 1653 1832 estut
1671 1774 1780 1831 mors
1811 1748 1984 1843 dilectio,
2016 1746 2118 1825 dura

1290 1853 1392 1934 sicut
1421 1855 1599 1938 infernus
1632 1858 1832 1939 aemulotio
1870 1884 1878 1933 :
1912 1852 2118 1956 lempades

1292 1964 1392 2063 ejus,
1421 1960 1626 2066 lompades
1657 1967 1759 2069 ignis
1789 1974 1909 2067 atque
1940 1960 2118 2039 flamme-

1290 2090 1397 2147 rum.
1414 2069 1536 2170 bquae
1553 2070 1688 2152 multae
1713 2095 1793 2151 non
1821 2068 2036 2174 potuerunt
2054 2091 2119 2147 ex-

1291 2174 1469 2276 tinguere
1522 2178 1778 2275 cbaritetem,
1829 2202 1902 2257 noc
1953 2176 2119 2255 iidmina

1142 2307 1145 2311 ⁴
1290 2280 1463 2363 obruent
1492 2283 1615 2363 illum.
1638 2286 1679 2365 Si
1706 2286 1860 2365 dederit
1883 2284 2004 2381 bomo
2031 2305 2120 2361 om·

1291 2410 1383 2467 nem
1411 2389 1674 2473 substentiam
1702 2393 1846 2473 domus
1864 2414 1945 2471 suae
1964 2414 2038 2493 pro
2057 2390 2120 2467 di·

1290 2495 1476 2595 lectione,
1497 2498 1611 2673 puasi
1630 2499 1730 2579 nibil
1749 2498 1940 2601 despiciet
1955 2519 2057 2577 eam.

1339 2594 1548 2675 Graduuc.
1590 2596 1734 2677 Psalm.
1777 2602 1858 2678 tlt.
1896 2600 2025 2707 i‘rope
2061 2612 2122 2683 est

1291 2708 1488 2791 Dominus
1508 2710 1696 2793 omnibus
1716 2710 1992 2792 insectantibus
2011 2733 2117 2807 eum,

1291 2816 1480 2897 omnibus
1494 2820 1562 2920 qui
1581 2820 1765 2900 invocant
1779 2842 1868 2899 eum
1886 2818 1926 2895 in
1940 2816 2117 2897 veritete.

1287 2919 1323 3011 lt.
1352 2923 1527 3003 laudem
1538 2925 1700 3005 Domini
1712 2926 1897 3028 loquetur
1910 2948 1955 3002 os
1969 2946 2118 3019 meum,

1292 3038 1331 3110 et
1350 3030 1560 3111 benedicat
1577 3032 1710 3113 omnis
1738 3056 1831 3113 caro
1850 3052 1997 3113 nomen
2030 3052 2120 3109 san·

1291 3146 1399 3217 ctum
1415 3140 1513 3239 ejus.

1336 3240 1513 3342 Alleluia,
1542 3244 1712 3324 alleldia.
1736 3240 1774 3341 i.
1799 3240 1941 3320 Psalm.
1967 3243 2048 3321 lod.
2079 3250 2114 3317 et

1288 3346 1427 3423 blaitlt·
1452 3348 1485 3421 7·
1509 3344 1686 3443 Quaerite
1706 3352 1936 3450 Dominum,
1958 3362 1998 3432 et
2027 3374 2121 3433 con·

1292 3457 1506 3535 firmamini
1528 3488 1536 3537 :
1558 3460 1722 3562 quaerite
1737 3459 1877 3539 ieciem
1906 3460 1991 3559 eJus
2018 3482 2121 3539 sem-

1292 3587 1377 3667 per.
1399 3566 1573 3664 Quaerite
1591 3574 1631 3648 et
1653 3567 1860 3647 invenietis
1879 3596 1890 3660 ;
1912 3566 2065 3670 pulsete
2083 3578 2122 3648 et

1293 3673 1494 3775 aperietur
1507 3675 1619 3755 vobis
1640 3703 1648 3752 :
1670 3675 1801 3754 omnis
1819 3675 1888 3777 qui
1907 3671 2121 3776 111111111-

1294 3781 1412 3882 venit,
1432 3791 1471 3862 ct
1501 3781 1675 3885 pulsenti
1700 3781 1911 3884 aperietur.
1932 3779 2115 3862 Alieldia.

1341 3890 1434 3970 Post
1476 3887 1821 3991 Septuagesimam
1859 3885 2003 3966 dicitur
2045 3909 2119 3990 pro

1289 3995 1435 4178 Tpactu
1454 3997 1595 4077 sersus
1615 3994 1858 4099 praecedens,
1889 3993 2036 4074 omisso
2056 3992 2123 4072 bl·

1293 4101 1329 4180 le
1347 4099 1425 4179 iria.

1289 4203 1515 4309 Sequentia
1538 4203 1663 4284 sancti
1682 4202 1882 4306 Evangelii
1901 4202 2122 4284 secondum

1520 4309 1788 4414 Lucumdap.
1806 4318 1842 4392 1.
1865 4317 1889 4392 t.
2165 4373 2168 4380 .

1363 4443 1413 4499 ou
1429 4417 1554 4498 iactus
1565 4426 1669 4497 esset
1683 4417 1798 4498 iesus
1816 4417 2012 4496 annorum
2026 4417 2124 4498 duo·

1379 4525 1523 4624 decim,
1541 4522 1845 4604 ascendentibus
1863 4524 1942 4602 illis
1958 4525 1980 4604 J
1984 4525 2124 4604 eroso·

1291 4633 1465 4734 lymam,
1518 4629 1738 4710 secondum
1790 4631 2121 4710 consuetddincm

1292 4741 1375 4821 diei
1423 4738 1527 4834 festi,
1572 4741 1936 4839 consummatisque
1980 4739 2122 4816 diebus

1292 4870 1384 4928 cum
1411 4845 1600 4941 redirent,
1621 4845 1818 4946 161111111-
1830 4868 1929 4946 puer
1945 4846 2060 4925 iesus
2079 4847 2121 4922 in

1291 4953 1526 5051 1611611611,
1538 4962 1577 5030 61
1596 4973 1676 5030 161
1695 4951 1964 5052 cognorerunt
1982 4952 2123 5054 paren-

1292 5077 1352 5144 tes
1387 5067 1486 5165 ejus.
1526 5060 1807 5141 Existimontes
1838 5071 1971 5142 autem
2008 5062 2122 5140 illum

1293 5194 1381 5251 esse
1407 5171 1448 5246 in
1475 5168 1679 5264 comitatu,
1713 5167 1905 5248 venerunt
1923 5169 1998 5247 iter
2026 5167 2119 5262 diei,

1294 5289 1333 5359 61
1350 5275 1607 5379 requirebant
1625 5297 1715 5355 eum
1734 5275 1838 5354 inter
1864 5276 2053 5378 cognitos
2083 5285 2123 5354 ct

1296 5395 1424 5467 notos.
1457 5385 1507 5464 Et
1550 5408 1629 5464 non
1665 5383 1920 5479 invenientes,
1954 5382 2121 5484 regressi

1295 5493 1447 5573 suntin
1466 5490 1701 5588 Jerdsalem,
1730 5489 1978 5590 requirentes
2010 5511 2115 5567 eum.

1296 5601 1345 5680 Et
1369 5599 1516 5678 iactum
1542 5604 1615 5691 est,
1635 5605 1728 5697 post
1753 5593 1934 5674 triduum
1960 5595 2120 5673 invene-

1297 5717 1388 5786 runt
1405 5704 1573 5784 illumin
1592 5702 1743 5805 templo
1758 5699 1960 5780 sedentem
1980 5701 2020 5778 in
2038 5703 2119 5780 me-

1295 5815 1363 5895 dio
1396 5811 1621 5906 doctorum,
1667 5807 1894 5887 audientem
1937 5807 2041 5904 illos,
2082 5813 2120 5888 et

1295 5919 1604 6020 interrogentem
1635 5939 1716 5995 eos.
1739 5914 1960 6018 Stupebant
1987 5923 2119 5994 autem

1295 6049 1449 6126 umnec,
1495 6023 1562 6126 qui
1605 6045 1696 6102 eum
1739 6019 1965 6118 audiebant,
2001 6043 2120 6124 super

1296 6134 1507 6240 prudentia
1525 6143 1563 6212 et
1581 6129 1784 6234 responsis
1799 6131 1966 6304 ‘3¹¹⁸'th
1984 6129 2118 6210 viden·
