5325 7200
1088 834 1164 920 Die
1187 839 1237 920 ir.
1259 841 1519 946 septembris.
2095 862 2147 940 25

441 989 637 1100 ollelriia,
660 1001 831 1082 alleldia.
850 1005 886 1084 i.
920 1003 1019 1084 Haeo
1037 1011 1098 1084 est
1119 1005 1232 1107 virgo

404 1116 584 1220 sopiens,
608 1119 648 1193 et
671 1133 751 1192 una
775 1112 826 1192 de
859 1111 1028 1194 mimero
1061 1113 1234 1216 prodon-

403 1234 500 1321 tum‚
519 1221 690 1300 allelr'ria.

392 1331 619 1434 Sequontia
642 1328 769 1408 sancti
789 1328 990 1432 Evangelii
1011 1329 1230 1409 secondum

630 1437 917 1516 Matthaeum.c.
937 1443 996 1518 19.

396 1571 471 1738 ln
490 1555 561 1634 illo
579 1554 784 1655 tompore:
810 1552 1073 1636 decesserant
1090 1556 1142 1636 ad
1163 1558 1231 1637 Je-

464 1685 553 1742 sum
586 1662 788 1757 Pharisaei,
819 1663 1014 1742 tentantes
1046 1686 1161 1762 eum,
1192 1675 1231 1747 et

402 1768 581 1851 dicentes
606 1795 615 1847 :
645 1771 687 1849 Si
719 1768 815 1848 licet
842 1770 997 1849 homini
1029 1771 1228 1854 dimittere

402 1881 568 1958 uxorem
587 1899 720 1975 suam,
741 1877 994 1980 quacumque
1013 1884 1230 1960 excausa?

402 1985 481 2083 Qui
501 1986 761 2088 resplendens,
781 1985 836 2064 ait
854 1987 937 2064 eis:
961 1987 1046 2066 Non
1065 1987 1227 2090 legistis,

402 2095 497 2195 quia
532 2095 601 2196 qui
633 2095 726 2174 fecit
760 2093 965 2174 bominem
997 2104 1048 2174 ab
1085 2097 1227 2195 initio,

401 2201 623 2283 miraculum
652 2210 700 2295 et,
717 2201 906 2281 feminam
929 2201 1022 2280 feeit
1046 2205 1146 2284 eos?
1180 2207 1229 2288 Et

401 2309 537 2388 dixit:
576 2311 743 2412 Propter
777 2312 855 2390 boc
895 2309 1071 2390 dimittet
1105 2313 1227 2396 homo

400 2435 554 2528 patrem
573 2437 611 2507 et
630 2436 808 2524 matrem,
823 2435 863 2508 et
880 2427 1100 2510 adbaerobit
1114 2433 1227 2513 uxori

400 2558 494 2632 snae,
508 2545 547 2614 et
564 2546 680 2616 erunt
699 2537 780 2616 duo
796 2539 835 2616 in
851 2559 970 2615 earne
984 2561 1073 2617 una.
1090 2539 1228 2644 ltaque

395 2643 478 2741 jam
498 2667 575 2723 non
597 2651 689 2723 sunt
703 2644 794 2740 duo,
809 2643 878 2723 sed
896 2666 975 2723 una
989 2668 1092 2726 caro.
1108 2649 1227 2747 Quod

400 2772 493 2854 ergo
518 2752 625 2832 Dens
656 2752 879 2853 conjonxit,
908 2753 1030 2833 honio
1054 2777 1134 2834 non
1166 2758 1226 2836 so·

400 2868 528 2963 paret.
557 2861 706 2939 Dicunt
724 2859 781 2938 illi
798 2890 807 2940 ι
827 2860 937 2959 Quid
956 2884 1049 2965 ergo
1067 2865 1224 2968 Moyses

357 3035 366 3050 .
399 2967 604 3048 mandevit
634 2967 729 3048 dere
761 2967 941 3046 libellum
971 2969 1156 3072 repridii,
1188 2983 1228 3055 et

399 3075 630 3156 dimitteret
648 3076 720 3155 Ait
735 3075 834 3154 illis:
852 3075 1052 3174 Quoniam
1070 3079 1227 3183 Moyses

398 3184 450 3263 ad
467 3184 655 3264 duritiam
675 3183 809 3263 cordis
827 3187 945 3264 vestri
966 3189 1146 3288 permisit
1163 3216 1228 3274 ro·

397 3293 460 3372 bis
479 3293 678 3372 dimittere
696 3291 839 3372 uxores
856 3303 1027 3374 vestras:
1043 3297 1093 3376 ab
1112 3299 1226 3380 initio

397 3411 628 3482 autemnon
648 3402 723 3480 luit
740 3401 808 3480 sic.
829 3401 930 3482 Dico
948 3413 1079 3483 autem
1099 3408 1224 3506 vonis,

399 3511 494 3613 quia
538 3509 781 3612 quietemque
823 3507 1020 3591 dimiserit
1060 3517 1222 3594 uxorem

396 3640 523 3715 suam,
544 3618 620 3697 nisi
636 3618 688 3697 ob
708 3616 1028 3718 fornicationem,
1047 3630 1087 3701 et
1104 3623 1225 3704 iliam

397 3728 566 3823 dixerit,
593 3726 845 3807 moecbotur:
871 3735 911 3806 et
928 3728 997 3829 qui
1017 3729 1224 3811 dimissam

396 3836 563 3933 dixerit,
577 3835 811 3916 moecbatur.
829 3834 976 3917 Dicunt
989 3838 1022 3916 ei
1039 3839 1224 3942 discipuli

395 3948 505 4047 ejus:
534 3946 577 4024 Si
607 3946 662 4024 ita
689 3954 748 4025 est
779 3966 899 4025 causa
929 3946 1104 4027 hominis
1132 3973 1223 4029 eum

396 4053 543 4150 uxore,
563 4076 644 4133 non
664 4052 824 4155 expedit
845 4053 1005 4134 nobere.
1027 4056 1105 4155 Qui
1125 4058 1225 4137 dixit

396 4162 514 4239 iltis:
555 4160 642 4239 Non
675 4182 814 4240 omnes
851 4160 1016 4262 copiunt
1056 4166 1222 4245 verbum

395 4268 529 4365 istud,
562 4267 633 4349 sed
663 4268 810 4370 quibus
841 4268 976 4349 datum
1010 4282 1092 4351 est.
1124 4275 1225 4353 Sunt

394 4378 502 4456 enirn
520 4375 706 4472 eunachi,
726 4376 860 4479 quide
880 4378 1017 4457 matris
1035 4377 1148 4459 itero
1166 4381 1224 4459 sie

394 4486 478 4565 nati
509 4494 624 4564 sunt:
649 4495 689 4565 et
719 4496 812 4565 sunt
839 4485 1024 4585 eunichi,
1044 4490 1112 4589 qni
1131 4490 1223 4569 iacti

395 4594 557 4675 suntab
577 4594 808 4673 hominibus
828 4624 837 4672 :
856 4600 895 4673 et
911 4606 1005 4673 sunt
1024 4595 1221 4697 eunichi,

394 4703 464 4805 qui
491 4700 644 4803 seipsos
670 4702 943 4783 castraverunt
977 4711 1140 4805 propter
1164 4726 1224 4783 re-

394 4832 516 4912 gnum
549 4810 752 4891 coelorum.
786 4811 865 4909 Qui
895 4818 1026 4913 potest
1057 4812 1222 4915 capere,

396 4917 542 5019 capiat.

444 5035 719 5116 offertorium.
761 5032 820 5110 l’s.
855 5036 917 5109 oo.
963 5030 1224 5113 Adducontur

395 5144 490 5244 Regi
511 5142 683 5247 virgines
701 5149 793 5244 post
811 5163 910 5239 eam,
931 5141 1123 5242 proximae
1138 5146 1222 5243 ejus

395 5251 610 5331 afferentur
629 5252 729 5331 tibi.

722 5358 897 5439 Secreta.

438 5492 587 5557 uranon,
605 5486 835 5568 quaesumus
855 5464 1038 5559 Domine,
1059 5464 1223 5543 monera

396 5499 435 5669 Ι
455 5574 648 5655 altoribus
666 5574 746 5652 tuis
764 5593 839 5674 pro
857 5570 1081 5649 sanctorum
1102 5570 1225 5672 Virgi-

392 5706 490 5763 num
509 5692 548 5763 ct
566 5682 786 5783 Martyrum
803 5680 959 5758 tuorum
977 5678 1220 5781 Euphemiae,

393 5790 628 5887 Dorotbeae,
647 5788 804 5867 Theciae
823 5796 861 5865 et
882 5786 1056 5865 Erosmae
1076 5786 1223 5867 festivi-

393 5902 472 5980 teite
491 5899 717 6004 proposita:
733 5905 787 5993 ut,
806 5896 910 5973 sicut
923 5917 994 5996 per
1007 5896 1093 5974 haec
1109 5893 1223 5972 beata

393 6009 581 6109 mysteria
611 6006 692 6083 illis
723 6003 891 6105 gloriam
922 6002 1138 6097 contulisti,
1168 6000 1222 6079 ita

392 6116 511 6195 nobis
530 6114 818 6217 indulgentiam
839 6110 1032 6211 largioris.
1054 6110 1128 6189 Per
1146 6106 1223 6187 Do-

394 6226 560 6302 minum.

440 6358 549 6415 ursan
576 6354 675 6408 rnor.
703 6350 825 6407 vener.

1359 1010 1613 1090 Communia.
1633 1016 1695 1092 Ps.
1720 1014 1803 1090 lio.
1828 1011 1854 1090 F
1866 1021 1926 1098 eci
1947 1022 2145 1122 iudicium

1319 1123 1360 1197 et
1391 1121 1614 1219 iustitiam,
1648 1122 1820 1203 Domine
1863 1153 1872 1202 :
1915 1151 1995 1208 non
2040 1133 2148 1213 calu·
2299 1167 2302 1173 ¹

1319 1228 1523 1309 moiontur
1551 1229 1651 1309 mibi
1683 1230 1847 1331 superbi
1881 1264 1889 1312 :
1926 1235 1978 1314 ud
2010 1239 2147 1319 omnia

1317 1337 1505 1416 mandata
1524 1346 1592 1417 tua
1610 1338 1836 1440 dirigebar:
1856 1364 2017 1425 omnem
2037 1349 2143 1429 riam

1316 1440 1537 1547 iniquitatis
1551 1446 1646 1527 odio
1664 1446 1798 1526 hobui.

1551 1551 1897 1642 Postcommunio.

1378 1691 1497 1747 nesrx
1524 1671 1661 1768 nobis,
1693 1695 1923 1777 quaesumus
1949 1677 2145 1778 Domine,

1389 1776 1729 1861 intercedentibus
1749 1785 1897 1862 sanctis
1915 1784 2145 1887 Virginibus

1314 1887 1352 1959 et
1371 1882 1613 1987 Martyribus
1631 1889 1710 1968 tuis
1727 1919 1736 1968 ε
1756 1899 1810 1987 ut,
1829 1890 1941 1992 quod
1958 1914 2028 1972 ore
2046 1916 2145 1973 con-

1315 1989 1518 2091 tingimus,
1542 2017 1645 2096 pura
1671 2006 1804 2077 mente
1832 1999 2048 2101 capiimus.
2071 2000 2147 2080 Per

1314 2097 1534 2182 Dominum
1553 2113 1736 2184 nostrum
1756 2106 1895 2187 Jesum
1927 2108 2143 2190 Christum.

1646 2317 1708 2371 ΜΕ
1733 2317 1786 2373 1V.

1338 2409 1377 2490 S.
1396 2408 1600 2508 MOYSlS,
1621 2410 1932 2510 PROPHDTAE,
1952 2414 2100 2496 CONF.

1481 2511 1685 2592 introitus.
1711 2520 1860 2600 Psutm.
1885 2526 1968 2601 lt8.

1408 2650 1569 2715 oeream
1607 2626 1658 2706 de
1693 2628 1936 2709 testimoniis
1978 2633 2058 2712 tuis
2102 2633 2143 2710 in

1315 2642 1641 2928 Leonspoctu
1672 2759 1838 2838 regum,
1867 2747 1906 2818 et
1934 2762 2014 2820 non
2048 2762 2146 2820 con-

1314 2917 1320 2930 ,
1426 2843 1649 2924 landober:
1670 2854 1709 2924 et
1727 2843 1953 2926 meditobar
1971 2851 2010 2926 in
2037 2871 2147 2927 man·

1312 2949 1415 3031 ditis
1435 2953 1524 3049 tuiS,
1544 2976 1635 3056 quae
1654 2951 1778 3033 diioxi
1797 2948 2008 3034 nimisPs.
2027 2949 2146 3035 Betiti

1313 3063 1560 3144 immaculati
1589 3064 1630 3142 in
1653 3063 1717 3143 ria
1741 3094 1749 3142 :
1773 3065 1842 3166 qui
1866 3063 2074 3146 ambulant
2100 3065 2141 3142 in

1310 3171 1396 3274 lege
1414 3172 1636 3262 nomintx
1672 3172 1809 3253 Gloria
1829 3173 1950 3254 Patri.

1647 3279 1798 3360 Oratio.

1308 3409 1512 3575 Annaeo,
1550 3398 1748 3498 Domine,
1779 3398 2142 3501 supplicationibus

1389 3505 1548 3602 nostris,
1567 3529 1666 3609 quas
1686 3507 1726 3584 in
1746 3507 1852 3586 beati
1870 3506 2142 3607 Moysisdlon·

1310 3612 1471 3693 sessoris
1505 3614 1851 3711 tui,soiemnitite
1886 3614 2142 3694 deferimus:

1308 3731 1372 3819 ut,
1391 3724 1460 3825 qui
1481 3732 1630 3803 nostrae
1650 3722 1816 3825 justitiae
1842 3722 2030 3803 iiddciam
2061 3746 2141 3808 non

1309 3831 1519 3927 habomus,
1545 3834 1644 3933 ejus,
1671 3832 1742 3934 qui
1772 3831 1845 3910 tibi
1872 3830 2033 3934 plicuit,
2053 3831 2144 3933 pro-

1306 3940 1426 4019 cibus
1440 3940 1687 4040 adiuvemur.
1709 3941 1784 4019 Per
1803 3939 2033 4022 Dominum.

1356 4042 1540 4127 Secunda
1555 4042 1707 4123 Oratio.
1725 4042 1934 4142 acunctis,
1953 4036 2070 4116 tertia
2087 4033 2139 4112 ad

1306 4157 1481 4235 libitum.
1718 4224 1741 4247 .,
2168 4161 2174 4174 “

1417 4263 1555 4341 Loutia
1573 4262 1666 4341 libri
1686 4261 1824 4343 Exodi.
1842 4256 1940 4355 Cap.
1960 4256 2024 4329 ii.

1357 4394 1379 4448 n
1408 4367 1550 4449 diebus
1581 4371 1661 4447 illis
1689 4399 1699 4443 ε
1729 4369 1838 4449 Dixit
1867 4368 2066 4450 Dominus
2091 4369 2145 4449 ad

1308 4401 1348 4568 Ι
1373 4477 1560 4578 Moysen:
1580 4477 1760 4557 ostonde
1786 4476 1840 4555 ad
1866 4498 1931 4555 me
1959 4484 2001 4554 in
2030 4498 2143 4557 mon·

1307 4590 1402 4680 tem,
1418 4595 1458 4663 et
1474 4593 1560 4663 esto
1579 4584 1662 4661 ibi:
1684 4582 1871 4686 daboque
1889 4583 1964 4663 tibi
1986 4582 2143 4667 tabulas

1308 4690 1510 4793 lapideas,
1539 4700 1580 4771 et
1605 4693 1730 4792 legem
1755 4715 1802 4771 ao
1827 4692 2027 4786 mandata,
2052 4716 2141 4793 quae

1311 4801 1467 4901 scripsi,
1486 4808 1530 4878 ut
1547 4800 1695 4879 doceas
1713 4800 1821 4879 iiiios
1841 4801 1975 4878 lsrael.
1998 4800 2141 4879 Surre-

1308 4906 1451 4986 xorunt
1469 4910 1627 5009 Moyses
1645 4917 1684 4986 et
1698 4908 1821 4987 iosue
1840 4908 2023 4985 minister
2040 4908 2138 5006 ejus:

1308 5016 1609 5117 ascendensque
1623 5016 1779 5116 Moyses
1794 5017 1834 5093 in
1852 5024 2031 5096 montem
2050 5016 2140 5117 Dei,

1308 5125 1535 5203 senioribus
1565 5126 1644 5203 ait:
1667 5124 1878 5226 Expectote
1906 5124 1989 5218 hio,
2009 5122 2138 5201 donec

1309 5234 1555 5312 revertimur
1582 5233 1634 5311 ad
1660 5254 1740 5312 vos.
1767 5232 1935 5312 Habetis
1949 5232 2080 5310 Aaron
2099 5238 2139 5308 et

1310 5340 1397 5419 Hur
1427 5343 1637 5431 vobiscum
1654 5371 1661 5418 :
1687 5341 1848 5444 siquid
1867 5349 2002 5419 natum
2021 5338 2140 5416 fierit

1311 5449 1564 5549 questionis,
1591 5448 1769 5529 referetis
1788 5449 1840 5527 ad
1858 5470 1936 5527 eos.
1957 5446 2139 5545 Cumque

1307 5557 1553 5637 ascendisset
1583 5557 1777 5658 Moyses,
1812 5556 1970 5658 oporuit
2011 5554 2138 5631 nubes

1308 5674 1506 5761 montem,
1535 5674 1575 5743 et
1606 5666 1799 5745 habitarit
1824 5664 1951 5767 gloria
1975 5659 2137 5745 Domini

1307 5796 1430 5875 super
1454 5774 1589 5870 Sinai,
1621 5783 1756 5875 tegens
1786 5773 1900 5852 illum
1935 5770 2041 5850 nube
2069 5790 2138 5849 sex

1307 5881 1485 5961 diebus:
1514 5882 1687 5982 septimo
1721 5889 1854 5959 autem
1885 5881 1951 5958 die
1983 5877 2137 5961 roravit

1308 6010 1399 6067 euru
1415 5988 1466 6067 de
1492 5988 1628 6067 modio
1653 5988 1846 6090 caliginis.
1879 5989 1973 6066 Erat
2006 5996 2138 6066 autem

1307 6095 1460 6197 species
1478 6093 1616 6197 gioriae
1638 6095 1801 6175 Domini
1821 6096 1934 6199 quasi
1953 6096 2055 6198 ignis
2074 6116 2137 6173 ar·

1308 6202 1407 6285 dens
1439 6225 1560 6305 super
1586 6203 1773 6285 vorticem
1800 6206 1948 6285 montis
1973 6206 2013 6280 in
2042 6224 2136 6281 con·
