5325 7200
1029 987 1078 1062 ‘20
1413 978 1478 1050 Die
1496 997 1579 1048 tur.
1595 971 1839 1074 Septembris.
1861 975 1897 1044 5.
1918 971 2016 1068 Apri.

1035 1150 1130 1196 coni.
1157 1147 1267 1221 praec.
1293 1135 1330 1196 ct
1357 1123 1394 1194 S.
1421 1117 1583 1214 Goerici,
1615 1119 1682 1216 Ep.
1721 1147 1829 1208 rum,
1850 1121 1897 1196 ad
1916 1121 2102 1198 coeldstem
2122 1121 2285 1222 putrium
2313 1147 2366 1196 se·

1036 1219 1433 1312 etConf.Oratio.Da,
1459 1247 1681 1322 quaesumus.
1721 1223 1831 1295 cutus
1860 1233 1927 1298 est.
1958 1221 2191 1296 Sanctissimi
2226 1224 2363 1296 Praesu·

1084 1327 1167 1402 ltili
1190 1327 1295 1401 xlx.
1325 1323 1632 1398 SEPTElllBRlS.
1721 1321 1766 1394 lis
1783 1345 1940 1420 corpus,
1965 1321 2055 1394 olim
2078 1319 2127 1394 ad
2152 1321 2366 1420 spinalense

1087 1423 1151 1496 SS.
1172 1419 1343 1494 Januarii
1364 1430 1403 1492 et
1417 1419 1503 1490 Soc.
1523 1415 1634 1491 Mart.
1721 1435 1935 1494 castruma
1972 1415 2180 1495 Deoda'rico
2213 1422 2366 1496 Mete'nsi

1281 1517 1440 1617 Duplex.
1721 1519 1903 1619 Episcopo
1954 1519 2217 1619 deportutum‚
2273 1544 2366 1594 nunc

1097 1622 1150 1694 Dc
1179 1621 1216 1694 S.
1246 1618 1421 1694 Goerico.
1439 1614 1566 1690 Lectio
1584 1615 1633 1687 ix.
1721 1617 1834 1692 e'tiam
1860 1621 1900 1692 in
1944 1619 2123 1694 arochiaili
2148 1618 2264 1716 hujus
2285 1620 2366 1692 civi-

1121 1719 1348 1834 ormcus,qui
1366 1731 1405 1792 et
1418 1715 1541 1808 Abho,
1562 1715 1682 1818 Aqui·
1722 1717 1807 1791 tutis
1824 1718 1979 1792 ecclesia
1996 1717 2221 1792 asservutur.

1124 1821 1260 1912 tainus,
1292 1819 1476 1893 virtutum
1513 1819 1683 1891 umnium
1720 1813 1768 1890 Te
1787 1819 1904 1891 Deum
1924 1816 2143 1890 laudumus.

1034 1918 1160 1994 studio
1183 1944 1260 1993 non
1286 1921 1410 1991 minus
1432 1941 1545 2016 quam
1572 1919 1684 1992 natu·
1769 1911 1825 1984 dd
1840 1909 1957 1984 Laud.
1974 1933 2071 1984 com.
2088 1910 2125 1984 S.
2147 1905 2311 1984 Goerici.

1034 2019 1127 2092 lium
1153 2017 1352 2118 splendure
1380 2016 1558 2109 illustris,
1585 2018 1684 2090 vices
1768 2019 1848 2090 DlE
1864 2015 2320 2092 xxlvser‘reuuuts

1034 2117 1155 2232 re'gias
1181 2119 1219 2190 in
1242 2141 1310 2191 sua
1335 2111 1527 2214 provincia
1548 2115 1684 2190 lauda·
1777 2113 1818 2184 Β.
1840 2109 1886 2184 V.
1906 2109 2032 2182 Mariae
2055 2109 2102 2182 de
2119 2109 2306 2184 Mercede.

1033 2215 1159 2291 bilrter
1187 2219 1312 2318 gessit.
1347 2215 1429 2308 Quo
1460 2215 1500 2288 in
1527 2216 1683 2289 munere
1892 2208 2036 2306 Duplex
2056 2207 2192 2306 majus.

1032 2329 1115 2390 tum
1132 2318 1283 2416 pietute,
1304 2328 1383 2389 tum
1403 2313 1602 2413 prudentia
1615 2339 1683 2412 po-
1770 2313 1810 2384 ln
1828 2311 1867 2409 ij.
1888 2309 2000 2407 Vesp.
2022 2332 2122 2384 com.
2139 2331 2224 2408 seq.

1032 2413 1151 2506 litica,
1172 2427 1253 2489 tum
1271 2413 1407 2487 be'llica
1423 2413 1544 2528 pluria
1562 2413 1682 2514 incly-
1767 2417 1847 2490 DIE
1864 2415 1986 2491 XXV.
2008 2410 2320 2487 SEPTEMBRIS.

1033 2528 1107 2608 tus,
1117 2514 1211 2588 duas
1222 2515 1321 2588 illias
1336 2510 1503 2586 Prucram
1520 2513 1684 2589 etVicto·
1813 2511 1851 2582 S.
1868 2503 1971 2604 Apri,
1989 2505 2098 2578 (loni.
2120 2519 2158 2582 et
2173 2509 2285 2582 Pont.

1032 2613 1157 2688 rinam
1175 2612 1323 2688 Christo
1341 2611 1540 2712 Virginem
1560 2612 1682 2711 Spon-
1871 2605 2027 2704 Duplex.
2047 2635 2101 2686 m.
2122 2623 2151 2686 t.
2171 2635 2209 2684 v.

1031 2737 1074 2788 so
1090 2711 1248 2787 addixit.
1273 2715 1353 2786 Deo
1377 2709 1528 2785 interim
1552 2711 1683 2786 vole'n·
1794 2707 1894 2802 (Dies
1912 2705 1986 2778 fixa
2003 2729 2049 2777 ex
2068 2707 2129 2778 lu.
2150 2704 2297 2802 hujus.)

1033 2826 1101 2904 te,
1146 2813 1307 2910 utruque
1348 2809 1503 2886 orbaitus
1544 2811 1680 2900 uculo,
1767 2807 1903 2878 Omnia
1920 2805 1966 2876 de
1985 2805 2277 2904 Commpraeter
2292 2830 2360 2900 seq.

1033 2911 1246 2986 christiunae
1304 2910 1468 2984 atie'ntiae
1493 2909 1683 3012 singulure
1770 2905 1915 2978 Oratio.
1934 2905 2006 3002 Da,
2027 2929 2257 3008 quaesumus.

1032 3011 1247 3110 exemplum
1271 2936 1360 3082 luis.
1379 3007 1582 3108 Aliquunto
1600 3024 1684 3108 post
1767 3007 1809 3076 ln
1834 3005 1865 3100 j.
1881 3004 2073 3076 Nocturno
2092 3005 2291 3077 Lectiones
2323 3003 2361 3072 d·

1032 3133 1121 3183 cum
1154 3110 1222 3183 Dei
1243 3110 1351 3206 jussu
1380 3108 1429 3182 ad
1457 3109 1577 3182 sancti
1603 3109 1681 3184 Ste'-
1717 3105 1853 3202 Script.
1871 3127 2018 3175 occurr.

1032 3207 1148 3307 phani
1166 3209 1371 3284 Metunsem
1390 3206 1582 3282 basilicam
1600 3233 1681 3308 pre·
1815 3207 1855 3277 ln
1875 3201 2041 3276 secundo
2060 3201 2271 3276 Nocturn0.

1033 3307 1162 3382 cutum
1185 3308 1423 3398 accessisset,
1453 3307 1501 3380 de
1527 3309 1682 3383 consilio
1939 3302 2066 3376 Lectio
2085 3303 2132 3375 iv.

1033 3408 1155 3482 sancti
1174 3493 1178 3496 p
1194 3405 1381 3505 Arnulphi
1414 3407 1680 3508 consanguinei
1794 3433 1877 3496 run,
1898 3405 1937 3479 in
1958 3401 2140 3478 suburbio
2160 3401 2360 3494 Trecunsi,

1033 3507 1117 3598 sui,
1138 3507 1241 3607 prius
1257 3505 1337 3580 aede
1355 3509 1467 3580 Petro
1483 3505 1682 3607 Apostold-
1720 3419 1891 3590 Aries
1922 3505 1986 3605 qui
2003 3501 2249 3601 Tranquillus
2275 3503 2363 3576 dici-

1033 3631 1119 3679 rum
1151 3607 1313 3706 principi
1349 3608 1456 3681 Metis
1491 3608 1679 3699 excituta,
1719 3621 1792 3697 tur,
1814 3606 2001 3679 nobilibus
2019 3616 2057 3677 et
2071 3602 2286 3679 cliristiunis
2303 3628 2365 3702 pa·
2420 3644 2421 3657 .

1033 3704 1135 3779 bea'ti
1157 3706 1447 3806 Protomurtyris
1468 3704 1681 3781 interventu
1719 3706 1888 3781 rentibus
1913 3716 2050 3793 natus,
2080 3700 2130 3777 ab
2146 3704 2191 3777 iis
2211 3703 2264 3777 ad
2286 3728 2363 3775 om·

1033 3805 1154 3877 visum
1170 3805 1324 3903 recepit.
1344 3802 1540 3905 Arnulpho
1555 3820 1680 3880 autem
1718 3828 1806 3879 nem
1819 3804 1996 3906 pietutem
2010 3816 2067 3877 est
2081 3802 2365 3877 erudituslnter

1033 3904 1298 4002 Episcoputum
1326 3902 1556 3999 abdicunte,
1579 3920 1618 3979 et
1642 3907 1682 3979 in
1718 3905 1810 3978 uliae
1829 3904 1965 4003 quibus
1987 3900 2112 3976 adhuc
2135 3927 2230 4002 puer
2247 3902 2364 3975 virtu-

1033 4002 1169 4117 Vosugi
1192 4002 1434 4107 solitudinem
1461 4003 1679 4095 recedente,
1720 4018 1775 4077 tes
1801 4004 1950 4095 enituit,
1980 3998 2152 4077 innutam
2170 4026 2263 4103 erga
2280 4000 2363 4100 puu-

1030 4102 1073 4175 in
1110 4126 1189 4200 ejus
1222 4101 1349 4176 locum
1383 4104 1553 4177 umnium
1588 4105 1683 4177 votis
1720 4128 1825 4201 peres
1854 4102 1989 4177 hibuit
2029 4102 2320 4201 propensionem
2353 4126 2360 4169 :

1031 4199 1211 4275 Gouricus
1227 4202 1427 4275 sullicitur.
1450 4202 1531 4297 Quo
1548 4202 1588 4275 in
1608 4204 1683 4277 mu·
1718 4228 1800 4300 quae
1817 4216 1919 4277 certe
1937 4198 2022 4277 talis
2034 4202 2120 4285 luit,
2137 4214 2180 4275 ut
2196 4226 2241 4275 ex
2261 4201 2362 4273 utero

1031 4324 1123 4375 nere
1151 4314 1300 4375 sanctos
1329 4326 1454 4375 mores
1476 4302 1533 4375 sui
1556 4300 1684 4377 deces-
1719 4305 1850 4375 matris
1892 4302 1971 4399 ejus
2004 4300 2151 4416 egressa
2192 4324 2281 4374 curn
2322 4322 2362 4370 eo

1031 4397 1125 4473 suris
1153 4400 1193 4473 in
1221 4400 1343 4499 seipso
1367 4400 1560 4501 expressit.
1580 4402 1683 4475 Tan·
1719 4400 1975 4476 misericurdia
2003 4400 2207 4475 videretur.
2242 4398 2362 4473 Crevit

1032 4510 1114 4571 tum
1137 4498 1316 4597 te'mporis
1331 4499 1520 4598 jacturam
1539 4499 1682 4575 abhdr-
1718 4501 1831 4575 etiam
1851 4526 1937 4575 cum
1956 4500 2064 4575 aetute
2082 4500 2121 4573 in
2140 4500 2221 4599 ipso
2248 4499 2360 4571 mise-

1031 4598 1134 4689 ruit,
1154 4610 1198 4672 ut
1225 4622 1274 4671 ne
1302 4599 1501 4673 minimam
1528 4600 1679 4698 quidem
1717 4602 1812 4675 rutio
1830 4614 1868 4675 et
1885 4600 2089 4673 libera'litas
2103 4600 2142 4671 in
2161 4598 2359 4699 puupercs,

1032 4697 1113 4793 ejus
1142 4710 1289 4796 partem
1314 4697 1469 4773 ludicris
1495 4700 1681 4775 concede·
1717 4702 1855 4799 quippe
1877 4701 1942 4799 qui
1969 4697 2122 4773 orbitus
2147 4694 2362 4797 perentibus

1032 4809 1116 4889 ret3
1143 4796 1217 4869 cibi
1242 4796 1394 4871 aliunde
1421 4799 1678 4897 parcissimus,
1716 4823 1761 4873 ac
1778 4801 1834 4872 sui
1847 4801 1944 4898 juris
1960 4798 2098 4885 iactus,
2116 4798 2282 4896 paternae
2295 4794 2360 4868 hae·

1031 4908 1070 4969 et
1086 4896 1126 4969 in
1149 4895 1214 4969 tali
1235 4897 1405 4970 versutus
1428 4896 1677 4991 abstinentia,
1717 4900 1885 4973 reditutis
1902 4899 2046 4972 unnuos
2062 4896 2267 4997 prove'ntus
2283 4894 2360 4995 ege'·

1030 5008 1098 5085 ut,
1134 4992 1252 5069 biduo
1284 4995 1571 5096 nonnumquam
1610 4998 1681 5071 tri·
1717 4999 1775 5072 nis
1801 5012 1839 5073 et
1863 4996 2043 5099 orphanis
2060 4996 2283 5071 communes
2307 4996 2361 5067 l'e-

1029 5092 1177 5186 doure,
1211 5094 1355 5169 nullum
1376 5120 1527 5194 prorsus
1553 5096 1679 5171 cibum
1715 5098 1821 5172 cerit.
1857 5098 2009 5172 Posture
2047 5096 2201 5170 interim
2231 5093 2360 5169 orbuta

1028 5194 1207 5267 sumeret.
1235 5196 1443 5270 Trunstulit
1473 5198 1510 5269 in
1545 5196 1679 5271 urbem
1716 5198 1923 5273 Leueurum
1956 5196 2248 5284 Eccldsia,-cum
2273 5194 2359 5291 Apri

1029 5292 1231 5367 lletensem
1251 5320 1387 5393 corpus
1405 5296 1589 5393 urnulphi
1610 5322 1679 5371 an·
1715 5298 1891 5373 sunctitas
1910 5312 1949 5373 et
1964 5298 2069 5371 fama
2084 5296 2247 5369 numinis
2265 5292 2358 5367 illius

1030 5392 1221 5465 lecessuris
1246 5395 1329 5484 sui,
1358 5420 1470 5492 qoem
1498 5420 1675 5494 quoque,
1715 5398 1825 5498 longe
1861 5398 2009 5496 latuque
2044 5394 2180 5469 diffusa
2209 5394 2356 5469 Tullum

1028 5504 1113 5591 post
1127 5516 1245 5564 aranos
1260 5494 1423 5591 uliquot,
1444 5495 1482 5566 in
1497 5495 1623 5568 cinere
1641 5510 1679 5570 et
1715 5494 1967 5595 pervenisset,
2001 5496 2171 5569 ununimi
2203 5494 2291 5569 cleri
2324 5504 2359 5565 et

1028 5588 1150 5665 cilicio
1167 5588 1410 5684 decumbens,
1432 5618 1536 5673 more
1555 5596 1677 5693 meju—
1714 5596 1840 5696 pupuli
1869 5596 2048 5695 suiirugio
2075 5596 2213 5669 inscius
2236 5608 2274 5669 et
2296 5590 2356 5665 ab·
