5325 7200
532 854 558 927 ti
1243 824 1315 901 iiie
1343 827 1445 923 axvj.
1477 824 1583 923 itinji.

873 990 1025 1069 Oratio.

540 1114 696 1287 Dans,
728 1120 798 1225 qui
830 1119 957 1202 beete
983 1120 1085 1205 Rite
1110 1128 1262 1205 tantam
1281 1118 1368 1225 gre·

621 1229 719 1310 tiam
733 1228 915 1310 conferre
933 1228 1119 1334 dignitus
1136 1252 1194 1329 es,
1213 1238 1258 1309 ut
1274 1226 1365 1332 que

534 1344 574 1419 te
606 1338 649 1416 in
681 1336 894 1418 dilectidne
920 1338 1178 1419 inimiodrum
1197 1336 1365 1418 suerum

533 1444 689 1527 imiteta
722 1454 799 1544 est,
832 1446 874 1525 in
903 1447 1025 1528 corde
1047 1454 1096 1533 ct¹
1113 1446 1244 1527 tronto
1269 1444 1364 1525 cha·

533 1554 663 1635 ritetis
696 1562 737 1635 et
761 1552 962 1656 passienis
993 1564 1072 1637 tue
1103 1554 1215 1658 signa
1233 1552 1369 1658 portia·

535 1669 598 1743 ret
630 1691 640 1738 :
671 1658 885 1762 danobis,
916 1684 1160 1767 quesumus,
1191 1667 1277 1767 ejus
1307 1664 1369 1741 in·

538 1768 780 1851 tercessidne
809 1778 849 1851 et
886 1771 1040 1852 meritis
1074 1771 1260 1851 inimicos
1295 1792 1368 1851 no

536 1885 640 1959 stros
658 1876 836 1981 diligere,
852 1886 892 1959 et
904 1888 981 1959 tue
993 1878 1192 1983 passienis
1206 1878 1371 1961 doleres

539 1986 657 2087 spina
685 1986 1005 2089 compunctienis
1029 1987 1177 2089 jdgiter
1193 1996 1372 2067 contem·

539 2092 659 2197 pieri.
701 2092 780 2191 Qui
814 2094 913 2174 vivis
942 2100 982 2175 ct
1007 2116 1151 2197 regnas
1178 2117 1270 2175 cum
1285 2097 1371 2177 Deo

541 2204 673 2283 Patre.

596 2296 718 2391 ¹ectio
736 2308 829 2387 libri
848 2309 1075 2412 sapientie.
1113 2300 1225 2377 Cani·
1256 2301 1293 2375 ⁶2.

575 2436 657 2531 pao
688 2419 762 2497 iios
791 2420 949 2521 campi,
981 2428 1021 2500 et
1053 2418 1180 2500 lilium
1214 2418 1373 2501 conrel-

637 2525 749 2605 lium.
785 2525 897 2606 Siout
926 2524 1055 2606 lilium
1086 2527 1191 2607 inter
1219 2528 1371 2630 spinas,

545 2630 602 2711 sic
620 2630 749 2711 amica
776 2653 865 2711 mea
894 2633 1000 2713 inter
1020 2632 1139 2714 illias.
1159 2634 1271 2715 Siout
1288 2656 1373 2713 ma·

542 2738 606 2817 lus
634 2738 739 2817 inter
766 2738 874 2839 ligna
897 2738 1100 2831 silueram,
1122 2740 1180 2821 sic
1202 2739 1373 2822 dilectus

544 2866 658 2925 meus
687 2846 792 2925 inter
822 2846 941 2927 illios.
972 2847 1056 2929 Sub
1082 2847 1225 2929 umbra
1249 2848 1371 2947 illiue,

546 2975 665 3056 quem
685 2954 1017 3053 desidereveram‚
1034 2954 1119 3035 sedi
1137 2984 1145 3035 :
1166 2964 1207 3037 et
1222 2955 1375 3037 fructus

549 3064 635 3164 ejus
667 3060 796 3140 dulcis
825 3062 977 3164 girtturi
1008 3084 1112 3143 meo.
1149 3062 1375 3143 introdirxit

548 3190 614 3248 me
640 3168 680 3245 in
709 3168 850 3247 ceilam
877 3170 1087 3269 rineriam,
1117 3168 1315 3251 ordinevit
1332 3172 1374 3249 in

549 3300 615 3357 me
639 3276 890 3358 charitetem.
923 3276 1073 3358 Fulcite
1101 3300 1166 3359 me
1191 3278 1373 3378 ildribus,

549 3386 695 3488 stipite
720 3406 784 3464 me
811 3386 928 3466 maiis
961 3414 970 3465 :
1003 3387 1097 3491 quia
1127 3387 1264 3467 amere
1291 3386 1377 3466 len·

549 3516 662 3596 gneo.
690 3494 803 3573 bera
831 3496 918 3597 ejus
950 3493 1025 3575 sub
1054 3495 1183 3596 cepite
1214 3516 1317 3593 meo,
1339 3503 1379 3576 et

551 3601 712 3682 dextera
739 3601 846 3683 iilius
874 3601 1167 3706 amplexibitur
1196 3625 1274 3682 me.
1302 3604 1380 3682 Ad·

546 3710 641 3812 jairo
679 3731 769 3809 vos,
802 3711 894 3791 illie
928 3709 1174 3808 Jerdsalem,
1208 3733 1280 3810 per
1314 3711 1379 3790 ca-

552 3841 693 3920 preas,
743 3817 959 3921 cervesque
1010 3819 1271 3921 campdrum,
1328 3840 1379 3897 ne

553 3925 779 4024 suscitetis,
823 3949 952 4029 neque
996 3925 1180 4028 evigilere
1226 3925 1401 4006 iacietis·

551 4033 755 4132 dilectam,
776 4034 1038 4139 quoadusque
1055 4033 1143 4139 ipsa
1163 4035 1271 4116 velit.
1295 4035 1381 4115 Vox

553 4141 688 4222 dilecti
706 4142 799 4234 mei,
819 4165 910 4223 ecce
931 4143 1006 4222 iste
1033 4144 1142 4226 venit
1165 4142 1310 4224 seiicns
1337 4141 1381 4220 in

554 4249 778 4350 mentibus,
803 4249 1035 4331 transiliens
1060 4251 1197 4332 colles.
1229 4249 1381 4330 Similis

553 4367 615 4440 est
644 4359 814 4440 dilectus
840 4381 955 4440 mens
987 4361 1167 4462 cepree,
1195 4357 1382 4438 hinnule-

554 4489 634 4570 que
667 4467 877 4550 serverum
911 4496 921 4547 :
959 4491 1009 4548 en
1045 4467 1133 4570 ipse
1175 4475 1252 4548 stat
1290 4473 1384 4569 post

555 4575 750 4679 parietem
790 4584 1000 4674 nostrum,
1046 4573 1264 4676 respiciens
1311 4597 1385 4676 per

555 4683 765 4782 fenestras,
792 4684 1043 4788 prospiciens
1067 4705 1141 4786 per
1168 4681 1382 4763 cancellos.

559 4792 619 4870 En
658 4789 826 4871 dilectus
864 4813 979 4872 meus
1015 4791 1195 4893 lequitur
1234 4789 1333 4868 mihi
1373 4817 1383 4867 ε

559 4899 697 5001 Surge,
726 4901 912 5002 propera,
933 4899 1060 4978 amics
1087 4921 1190 4995 mea,
1211 4895 1390 4978 iormdsa

560 5029 664 5106 man,
690 5019 730 5088 et
756 5009 859 5089 veni.
884 5008 1096 5089 tamenim
1120 5007 1391 5086 hiemsirens

560 5115 641 5196 iit:
673 5115 804 5194 imber
833 5113 955 5213 abiit,
981 5124 1021 5194 et
1047 5113 1222 5194 recessit.
1255 5112 1391 5193 Flores

561 5223 836 5330 apparuerunt
866 5223 908 5300 in
946 5229 1054 5302 terra
1095 5231 1229 5302 nostra
1256 5249 1265 5300 ε
1292 5219 1391 5300 ῑοωὲ

562 5357 639 5437 pus
670 5330 890 5435 putatienis
921 5329 1119 5411 advenit:
1159 5351 1233 5409 vox
1264 5329 1392 5408 tertu-

564 5441 620 5518 ris
651 5437 787 5518 audita
816 5445 877 5518 est
906 5435 947 5514 in
986 5445 1093 5515 terra
1132 5443 1268 5514 nostra
1305 5433 1393 5510 :ii-

564 5571 634 5628 cus
675 5545 843 5651 pretulit
880 5567 1041 5648 grossos
1080 5567 1174 5623 suos
1216 5569 1224 5620 :
1267 5543 1393 5622 vinee

565 5655 753 5736 iiorentes
803 5655 1002 5736 dederunt
1045 5649 1211 5732 oderem
1255 5673 1388 5731 suum.

565 5765 704 5866 Surge,
732 5763 861 5845 amica
889 5785 989 5860 mec,
1018 5758 1199 5866 speciesa
1222 5782 1325 5859 mea,
1354 5767 1395 5840 et

565 5895 671 5954 veni.

563 6021 565 6028 ·
615 5989 825 6070 Grarinslo.
858 5989 999 6066 Psaim.
1035 5993 1095 6066 el.
1132 5983 1312 6066 Dilexisti
1331 5985 1395 6084 jn·

570 6098 735 6197 stitiam,
764 6105 804 6177 et
831 6093 950 6178 odisti
978 6093 1230 6198 iniquitetem
1265 6120 1273 6169 :
1302 6113 1395 6194 pro·

573 6207 705 6312 pterea
740 6203 849 6286 unxit
886 6215 923 6283 te
962 6202 1090 6302 Deus,
1129 6203 1236 6282 Deus
1275 6207 1416 6298 tuus,.

1456 1011 1546 1095 eleo
1587 1012 1735 1097 letitie
1774 1038 1859 1121 pre
1893 1016 2152 1100 consertibus
2192 1014 2295 1098 tuis.
2434 981 2435 994 l

1457 1101 1494 1196 l·
1533 1100 1597 1177 PS·
1636 1106 1697 1179 45·
1736 1123 1895 1224 Venite,
1930 1134 1971 1207 et
1998 1126 2131 1207 ridete
2165 1124 2300 1228 epera

1457 1228 1641 1420 tlgffllri,
1667 1254 1759 1336 que
1794 1232 1931 1336 pesuit
1955 1232 2142 1337 prodigia
2167 1254 2300 1337 super

1508 1428 1699 1546 illicitis,
1736 1444 1913 1529 aiieiiric.
1938 1434 1976 1527 l·
2012 1431 2073 1507 l’S·
2106 1431 2169 1505 20‘
2210 1446 2299 1527 De-
2435 1523 2436 1528 a

1457 1552 1579 1653 mine,
1609 1554 1835 1657 prevenisti
1862 1579 1951 1638 eam
1974 1557 2018 1637 in
2046 1553 2300 1637 benedictii)-

1457 1660 1578 1743 nibus
1602 1662 1863 1744 dulcedinis:
1891 1665 2064 1769 posuisti
2091 1664 2135 1744 in
2160 1662 2300 1767 cepite

1457 1773 1552 1901 ejus·
1570 1771 1761 1851 corenam
1785 1771 1836 1853 de
1862 1772 1997 1877 lepide
2014 1770 2211 1878 pretieso.
2231 1768 2303 1849 nl·

1459 1877 1709 2073 Ielllolhporc
1748 1972 1942 2050 pascnan.
1976 1974 2174 2085 Alleluia,
2204 1984 2306 2067 2110.

1459 2092 1555 2175 iiria.
1577 2080 1615 2178 i·
1647 2082 1793 2161 Psalm-
1819 2086 1880 2159 lit.
1909 2094 2066 2189 Venite,
2097 2102 2140 2175 ct
2163 2092 2302 2175 ridete

1460 2202 1587 2305 epera
1614 2202 1796 2301 Demini,
1826 2224 1917 2307 que
1946 2200 2083 2306 pesuit
2110 2199 2302 2341 prodiqin

1460 2318 1756 2411 superterram.
1781 2310 1965 2391 Alleluia.
1993 2298 2029 2393 l·
2055 2297 2201 2377 l'Sfllffl·
2234 2319 2258 2367 '-
2275 2301 2297 2369 t.

1464 2415 1651 2515 Demine,
1679 2416 1906 2519 prevenisti
1933 2438 2022 2496 eam
2055 2414 2099 2495 in
2129 2414 2301 2494 benedi

1463 2520 1663 2601 otidnibus
1683 2522 1933 2601 dulcedinis:
1964 2522 2135 2626 posuisti
2163 2522 2208 2599 in
2235 2520 2303 2599 ce·

1460 2628 1653 2814 Riltlelejus
1666 2629 1858 2709 corenam
1875 2629 1926 2710 de
1946 2630 2081 2734 lepide
2099 2626 2298 2734 pretieso.

1524 2759 1640 2815 ema.

1519 2836 1786 2937 Erangciium.
1807 2836 1947 2925 Simile
1964 2852 2025 2925 est
2038 2866 2210 2949 regnum
2223 2864 2305 2924 ooe·

1462 2948 1593 3030 lerum
1622 2951 1833 3054 theseum,
1875 2944 1923 3022 de
1966 2944 2183 3022 Communi
2229 2966 2302 3021 nec

1469 3054 1573 3155 Virg.
1602 3076 1676 3131 nco
1699 3052 1813 3131 Mart.

1518 3162 1792 3243 Oiiertorium.
1822 3164 1979 3249 Diilr'rsa
2007 3176 2067 3249 est
2099 3166 2230 3272 gratis
2258 3166 2303 3247 in

1461 3271 1579 3353 iebiis
1614 3274 1696 3355 tuis
1733 3298 1744 3350 t
1785 3276 2005 3378 propterea
2028 3274 2240 3357 benedixit
2262 3282 2303 3355 te

1464 3379 1572 3462 Dens
1593 3382 1636 3460 in
1662 3382 1856 3463 eternum

1796 3488 1970 3567 Secreta.

1471 3608 1630 3788 Conni
1652 3598 1804 3690 nostra,
1833 3615 2080 3696 quesumus,
2112 3593 2301 3687 hemme,

1557 3697 1684 3778 beete
1714 3700 1815 3781 Rite
1842 3701 2009 3800 meritis,
2040 3703 2209 3807 snpemi
2235 3704 2306 3785 do-

1467 3803 1565 3885 leris
1602 3807 1719 3910 spina
1757 3809 1939 3914 contige,
1981 3817 2027 3890 nt
2060 3833 2087 3890 a
2122 3811 2301 3916 peccetis

1468 3911 1658 3995 emnibus
1695 3923 1764 3996 tua
1801 3919 1928 4020 gretia
1961 3918 2140 4018 libereti,
2179 3921 2303 4002 sacri·

1468 4020 1586 4100 ficere
1600 4022 1673 4101 tibi
1688 4023 1862 4104 bestiam
1887 4025 2017 4106 laudis
2040 4049 2145 4128 pura
2167 4034 2302 4109 mente

1469 4127 1685 4210 calcemus.
1734 4133 1809 4212 Per
1849 4131 2069 4214 Deminum
2110 4145 2302 4218 nostrum

1469 4238 1491 4318 J
1496 4259 1609 4316 esum
1628 4238 1850 4320 Christum.

1524 4359 1777 4438 Communis.
1811 4357 2044 4436 isannes.
2076 4352 2306 4436 i’rereaisti

1475 4475 1578 4554 eam,
1596 4455 1781 4554 Demine,
1796 4457 1842 4534 in
1856 4457 2208 4541 benedictidnibus
2221 4460 2308 4540 dui·

1474 4561 1640 4660 cedini's‚
1661 4565 1829 4666 posuisti
1857 4567 1898 4644 in
1927 4567 2058 4670 sepite
2085 4573 2176 4674 ejus
2193 4571 2307 4650 core

1475 4691 1568 4748 nam
1587 4671 1637 4749 de
1656 4671 1788 4775 lepide
1805 4675 1995 4777 pretieso.

1722 4792 2061 4872 rosicommunic.

1505 4905 1760 4982 ¹xosausrrans,
1790 4886 1976 4984 Demine,
2005 4887 2111 4992 pasti
2134 4887 2303 4986 deliciis,

1477 4921 1537 5092 (J
1566 4995 1766 5102 sepplices
1790 5003 1829 5072 te
1852 4993 2053 5095 rogemus,
2072 5003 2119 5073 ut
2138 4995 2307 5074 interne·

1476 5112 1594 5191 dente
1624 5104 1739 5184 heae
1767 5101 1882 5200 liita,
1913 5101 2121 5180 charitetis
2148 5111 2190 5182 et
2218 5125 2307 5206 pas·

1476 5217 1601 5298 sienis
1626 5225 1706 5293 tue
1735 5209 1777 5287 in
1806 5208 2008 5288 mentibus
2025 5209 2177 5290 nostris
2194 5211 2305 5312 signa

1476 5325 1677 5416 feremus,
1717 5327 1757 5398 et
1792 5317 1997 5421 perpetue
2030 5315 2145 5418 pacis
2175 5317 2304 5397 irnctn

1472 5434 1619 5536 jirgiter
1632 5426 1897 5533 perfruemur.
1920 5425 1997 5506 Per
2007 5421 2228 5505 Deminum
2239 5445 2307 5503 no

1478 5549 1618 5618 strum.

1483 5869 1526 5948 n.
1556 5789 2020 5948 uanre'¹iri⁵1i¹r‘a”ii'ii
2052 5861 2302 5958 ransnas,

1804 5997 1976 6053 VlllfillllS.

1474 6197 1492 6276 J
1528 6091 1646 6210 Mlsffl
1682 6097 1723 6166 ct
1759 6091 1797 6166 in
1835 6092 1913 6169 linc
1946 6087 2135 6186 biisssiis,
2164 6089 2226 6166 dic
2256 6089 2277 6184 ij

1500 6219 1596 6274 unn.
