5325 7200
726 1127 780 1187 23·
1051 1109 1058 1124 ‘
1124 1135 1221 1178 ursan
1242 1132 1383 1183 enorum
1404 1135 1551 1181 oroecmts
1571 1139 1786 1193 avenniensis,

774 1257 833 1330 Fit
845 1260 1034 1329 Gommcm.
1052 1257 1194 1325 Octauo
1206 1255 1398 1346 Assumpt,

728 1389 764 1460 p.
786 1368 869 1435 tto.

952 1549 956 1557 .
1017 1487 1166 1557 Secreta.

784 1632 959 1697 scutrum,
973 1607 1131 1693 Domine,
1148 1629 1227 1703 quoe
1239 1608 1275 1678 in
1295 1609 1403 1682 hono·

730 1637 782 1793 S
809 1740 882 1791 rem
904 1715 1014 1787 sancti
1037 1713 1203 1786 Ludortci
1226 1714 1403 1786 Pontificis

728 1833 797 1897 tuae
815 1823 992 1897 ottorimus
1010 1820 1193 1916 majestoti,
1215 1819 1316 1893 nobis
1335 1822 1405 1893 sint

727 1931 934 2006 adsalutem
952 1927 1121 2013 effictam,
1142 1934 1177 2000 et
1195 1936 1265 2001 tuae
1278 1927 1403 2024 ptooita

727 2037 859 2134 pietoti.
877 2035 943 2106 Per
956 2032 1157 2106 Dominum.

917 2156 1207 2228 Postcommunio.

798 2305 862 2356 oos
896 2280 1108 2377 Angelorum
1141 2303 1230 2375 pane
1262 2281 1404 2354 reticere

730 2303 800 2572 Q
825 2388 984 2485 dignitus
1004 2411 1053 2474 es,
1074 2387 1232 2470 Domine,
1259 2386 1313 2459 tac
1335 2391 1406 2460 An-

729 2507 770 2595 go
785 2503 874 2574 icam
895 2496 997 2566 vitam
1020 2495 1165 2580 docere,
1189 2503 1224 2566 et
1246 2495 1405 2590 exempto

729 2604 837 2679 sancti
868 2599 1045 2676 Pontificis
1077 2599 1241 2672 Ludottci
1268 2601 1317 2672 sic
1344 2601 1404 2674 tibi

730 2711 908 2785 adhaerere
939 2707 975 2778 in
1007 2707 1124 2791 terris,
1157 2715 1196 2778 ut
1222 2729 1303 2778 cum
1332 2707 1405 2802 ipso

730 2817 922 2890 coetostium
969 2812 1176 2911 gaudiorum
1223 2813 1405 2910 participes

728 2923 820 2996 offici
846 2919 1056 2994 mereomur.
1085 2919 1151 2991 Per
1177 2919 1353 2991 comdem.

1247 3072 1407 3086 ——-

985 3173 1041 3222 ma
1057 3172 1149 3220 xxti.

896 3307 1050 3380 stum}
1070 3307 1242 3394 meanti,

848 3445 995 3498 remcort
1008 3447 1048 3496 er
1061 3445 1288 3497 conressonrs.

779 3567 887 3641 otissa
916 3565 1118 3642 Sacerdotes
1144 3567 1206 3651 tui,
1238 3565 1281 3639 de
1308 3569 1406 3640 Gont-

729 3675 948 3767 macionus.
980 3677 1098 3755 Ponat,
1132 3672 1285 3745 secundo
1308 3670 1403 3762 loco,

730 3807 765 3879 p.
783 3782 865 3875 xvij,
875 3792 1007 3877 proetcr
1022 3782 1120 3849 Orat.
1135 3800 1208 3875 seq.

998 3904 1132 3977 Oratio.

787 4053 886 4105 nncrr
906 4028 1117 4105 Contessoris
1132 4028 1181 4099 tui
1200 4034 1303 4125 atque
1317 4029 1408 4102 Pon·

800 4138 899 4211 titicis
910 4136 1033 4211 Licorii
1047 4134 1214 4209 solemnia
1228 4136 1405 4209 celebran-

732 4254 795 4330 tes,
830 4250 862 4317 te
888 4242 1072 4337 simplices,
1101 4241 1261 4323 Domine,
1292 4243 1408 4315 exoro-

732 4373 822 4433 mus,
848 4356 889 4420 ut
906 4349 1018 4444 ipsum
1033 4346 1126 4441 apud
1146 4355 1241 4419 tuam
1260 4347 1409 4420 clemon-

733 4453 923 4527 tiamnobis
932 4454 1197 4525 sentiamusesse
1206 4456 1404 4547 patronum,

733 4584 838 4661 quem
872 4559 972 4634 nobis
1000 4567 1060 4631 tua
1091 4559 1202 4657 grotia
1233 4561 1407 4655 providisti

732 4667 852 4741 salotis
875 4670 1015 4739 aetornae
1040 4665 1249 4739 ministrum.
1279 4668 1355 4739 Per.

1000 4808 1152 4877 Secreto.

734 4950 912 5107 Susum,
934 4953 1136 5025 quaesumus
1149 4930 1408 5025 Domine,quas

808 5035 866 5107 tibi
883 5058 1000 5129 preces
1016 5044 1051 5109 et
1068 5038 1197 5109 hostias
1210 5037 1405 5123 otterimus;

730 5148 767 5211 et
786 5138 937 5213 concode
957 5148 1008 5226 ut,
1027 5143 1134 5215 sancti
1152 5143 1273 5215 Licorii
1294 5143 1409 5215 Ponti·

733 5244 808 5319 ficis
823 5246 1079 5331 intercessione,
1098 5270 1120 5320 a
1136 5249 1313 5342 praesontis
1331 5248 1408 5321 vitre

733 5351 893 5448 periculis
907 5351 1107 5443 liberomur,
1125 5363 1160 5425 et
1178 5354 1277 5427 donis
1295 5354 1408 5429 firmo-

733 5482 814 5532 mur
833 5459 1018 5555 perpotuis.
1039 5459 1104 5533 Per
1120 5460 1324 5533 Dominum.

921 5581 1216 5654 Postcommuuio.

796 5726 868 5777 mn
891 5704 1026 5794 Licorii,
1051 5706 1210 5793 Domine,
1236 5705 1408 5802 satirogiis

732 5726 794 5885 B
819 5814 996 5901 exoratus,
1028 5819 1188 5911 percopta
1214 5836 1277 5887 nos
1297 5834 1409 5886 sacra-

733 5920 840 5989 monti
859 5920 908 5991 tni
927 5922 1049 5996 virtotc
1063 5920 1223 5995 deiende.
1240 5922 1317 5993 Per.

1632 1258 1777 1333 MENSE
1802 1261 2061 1339 SEPTEMBRI.

1790 1471 1844 1520 ote
1860 1473 1898 1520 ιι.

1581 1569 1848 1648 sanctonum
1879 1571 2107 1656 amotum,

1507 1703 1597 1754 scot.
1607 1699 1771 1752 mrueon.
1784 1699 2116 1753 arrortosnroecests
2125 1703 2183 1753 m·

1626 1811 1744 1882 mom,
1759 1813 1798 1860 ar
1812 1811 1978 1864 socronuu
1991 1815 2063 1866 stus

1604 1923 1784 2000 JOANNIS
1799 1924 2083 2012 tantumno,

1740 2053 1943 2104 mmmm.

1645 2145 1822 2216 introitus.
1846 2143 1974 2218 Psalm.
1992 2153 2050 2220 95.

1511 2261 2188 2444 Annonrrnreintergentes‚qnoniam
2293 2332 2296 2343 .

1599 2390 1719 2440 omnes
1745 2367 1791 2437 dii
1813 2368 1967 2461 gentium
1991 2368 2184 2454 daernonia;

1509 2475 1678 2548 Dominus
1692 2479 1807 2546 autem
1823 2473 1929 2546 coelos
1940 2475 2032 2546 tecit.
2050 2473 2183 2548 Psolna.
2293 2454 2304 2531 Ι·

1511 2581 1560 2654 to.
1590 2581 1733 2656 Cantote
1755 2581 1903 2653 Domino
1927 2583 2100 2656 sonticum
2128 2605 2189 2656 no
2292 2582 2295 2689 J

1508 2713 1590 2761 vum
1609 2717 1616 2758 :
1635 2687 1771 2760 cantote
1784 2687 1945 2772 Domino,
1958 2689 2070 2762 omnis
2080 2697 2184 2762 terra.
2301 2670 2303 2713 ³

1509 2806 1543 2884 n.
1560 2803 1677 2876 Gloria
1691 2801 1796 2874 Patri.

1779 2911 1913 2991 Oratio,

1509 3037 1764 3200 Onnrrorens
1780 3014 1987 3109 sempitorne
2003 3013 2108 3098 Deus,
2124 3017 2186 3110 qui
2300 3026 2302 3039 '

1608 3145 1668 3217 per
1701 3119 1857 3216 gloriosae
1889 3120 2052 3214 passionis
2083 3122 2189 3194 certo·
2291 3166 2302 3199 u

1510 3233 1617 3319 mina,
1662 3229 1705 3300 ad
1741 3228 1953 3300 immortates
1989 3227 2187 3324 triomphos
2291 3238 2293 3263 ¹

1509 3339 1673 3432 Martyres
1706 3341 1784 3407 tuos
1815 3335 2031 3406 Antoninum
2057 3334 2189 3407 Socios·

1510 3467 1578 3540 que
1592 3446 1667 3538 ejus
1685 3439 1853 3523 extulisti;
1876 3439 1920 3512 da
1937 3439 2098 3512 Ecclosiee
2117 3447 2187 3511 tute
2290 3504 2293 3533 ,

1509 3550 1650 3647 dignam
1664 3569 1726 3645 pro
1744 3545 2077 3651 tantasolemnitttte
2099 3545 2189 3619 loeti-
2290 3538 2293 3577 ²

1509 3658 1606 3741 tiam,
1636 3663 1674 3727 ut
1692 3676 1843 3751 quorum
1866 3654 2056 3749 patrocinia
2074 3654 2130 3749 pio
2153 3674 2188 3724 a·

1510 3764 1605 3837 more
1618 3760 1850 3857 amplectitur,
1868 3759 1996 3832 horum
2017 3767 2052 3833 et
2072 3782 2190 3831 accen·

1510 3869 1612 3941 dotur
1632 3866 1810 3962 exemptis,
1832 3874 1866 3937 et
1888 3864 2189 3939 intercessionibus

1510 3976 1703 4072 adjuretur.
1726 3974 1792 4046 Per
1810 3972 2014 4046 Dominum.

1510 4092 1627 4165 Lectio
1654 4090 1749 4161 lsaiae
1776 4086 1973 4182 Prophetae.
2007 4088 2092 4182 Cup.
2123 4088 2184 4157 66.

1586 4228 1635 4279 rec
1666 4203 1749 4275 dicit
1775 4200 1943 4275 Dominus
1970 4228 1977 4269 :
2007 4198 2116 4271 Venio
2149 4208 2188 4269 ut

1511 4232 1585 4390 H
1604 4314 1808 4409 congregem
1827 4328 1909 4379 cum
1928 4304 2091 4379 omnibus
2110 4308 2190 4400 gon·
2287 4293 2298 4404 't

1510 4420 1603 4492 tibus
1621 4431 1655 4489 et
1678 4416 1816 4513 tinguis,
1834 4420 1867 4485 et
1887 4413 2035 4503 venient,
2050 4418 2084 4515 ct
2099 4410 2190 4483 ride·

1509 4526 1597 4601 bunt
1622 4523 1765 4620 gloriam
1787 4542 1913 4593 meam.
1936 4518 1978 4591 Et
2000 4540 2130 4614 ponam
2150 4518 2185 4589 in
2295 4509 2298 4564 f

1510 4636 1558 4709 eis
1581 4632 1732 4729 signum,
1757 4637 1792 4701 et
1816 4629 1952 4700 mittam
1979 4650 2021 4699 ex
2049 4628 2099 4700 eis
2126 4628 2185 4723 qui

1509 4740 1628 4813 salvoti
1652 4736 1794 4827 soerint,
1819 4734 1861 4807 ad
1882 4742 1999 4833 gentes
2019 4734 2053 4805 in
2075 4756 2183 4819 mare,
2286 4755 2288 4770 ·

1511 4850 1545 4919 in
1575 4846 1724 4917 ¹otricum
1753 4851 1787 4914 et
1817 4840 1973 4936 Lydiam,
2010 4839 2187 4913 tendontes
2285 4845 2288 4932 f

1510 4958 1683 5053 sagittam,
1721 4952 1755 5023 in
1783 4949 1917 5023 ltaliam
1943 4954 1977 5021 et
2001 4946 2182 5029 Graeciam,
2285 4963 2288 4986 ’

1511 5062 1554 5135 ad
1582 5058 1711 5133 insutas
1728 5057 1849 5153 'tonge,
1879 5056 1922 5129 ad
1950 5078 2009 5128 eos
2033 5054 2092 5149 qui
2116 5076 2184 5125 non

1512 5166 1701 5241 audierunt
1720 5162 1762 5235 de
1786 5185 1856 5246 me,
1880 5174 1914 5233 et
1938 5182 2005 5232 non
2027 5156 2186 5229 viderunt
2293 5227 2296 5250 Ι

1511 5274 1656 5374 gloriam
1691 5292 1817 5342 meam.
1859 5268 1900 5339 at
1931 5263 2187 5339 annuntiabunt
2285 5291 2287 5312 ι

1512 5382 1655 5479 gloriam
1687 5400 1799 5449 meam
1827 5374 1998 5472 gontibus,
2019 5384 2053 5444 ot
2075 5369 2185 5444 addo·

1512 5496 1591 5561 cent
1613 5506 1734 5559 omnes
1751 5480 1872 5554 tratres
1892 5486 2019 5553 vestros
2039 5476 2082 5549 de
2104 5499 2187 5548 cun·
2285 5479 2287 5544 ζ

1512 5596 1575 5667 ctis
1610 5590 1768 5690 gontibus
1800 5586 1932 5658 donum
1964 5583 2111 5657 Domino
2150 5582 2186 5653 in
2285 5603 2287 5618 ·

1511 5700 1621 5798 equis,
1639 5703 1673 5769 et
1686 5696 1722 5767 in
1736 5690 1924 5790 quodrigis‚
1939 5696 1973 5763 et
1990 5689 2024 5759 in
2041 5685 2184 5770 lecticis,
2284 5685 2287 5766 ζ

1511 5816 1545 5881 et
1563 5808 1597 5877 in
1619 5800 1734 5889 mulis,
1753 5808 1787 5873 et
1803 5799 1836 5869 in
1851 5795 2014 5881 cornicis,
2032 5792 2073 5867 ad
2090 5814 2187 5865 mon·
2284 5801 2287 5820 ¹

1512 5928 1581 5987 tem
1596 5916 1753 5983 sanctum
1776 5926 1892 5978 meum
1912 5900 2115 5984 lerosatem,
2133 5896 2188 5970 di·
