5325 7200
560 789 2385 838 m

639 987 704 1061 16*

942 1214 1020 1277 DIE
1041 1211 1121 1275 XII.

948 1333 983 1379 IN
1003 1334 1082 1378 il-..s'l
1093 1334 1115 1375 (l

686 1438 875 1514 SANCTI
901 1436 1142 1512 ANDREAE
1171 1430 1381 1509 CORSlNl

776 1564 895 1613 rensc.
920 1566 967 1611 ur
990 1563 1251 1613 contaminas.

679 1660 728 1733 Ut
748 1656 783 1727 in
804 1654 967 1745 blissali‚
983 1654 1031 1727 ad
1048 1653 1150 1727 diem
1174 1681 1222 1727 ιν.
1241 1654 1427 1727 liebruar.

634 1790 672 1865 p.
700 1766 785 1860 340.

680 1874 720 1943 ln
735 1866 1040 1963 Quadragcsima
1056 1868 1277 1940 Commem.
1291 1864 1426 1939 Feriae.

934 2062 1014 2127 DIE
1034 2060 1133 2124 XIII.

947 2180 982 2225 rx
1004 2178 1118 2225 risio

784 2416 828 2461 nr,
855 2412 1088 2476 namnetim,
1112 2412 1287 2459 comicas.

686 2509 725 2577 ln
766 2503 927 2586 :llissali
971 2503 1018 2575 ad
1059 2502 1159 2575 diem
1201 2528 1301 2574 xxrn.
1344 2506 1428 2577 Ian.

636 2641 674 2715 p,
703 2618 789 2694 330.
820 2610 901 2681 sine
927 2612 1145 2682 Connnem.
1178 2612 1215 2681 S.
1249 2612 1431 2682 Emesen-

634 2720 758 2800 tianzu
779 2717 888 2810 cujus
912 2718 998 2787 loco
1018 2716 1157 2788 dicitur
1179 2742 1186 2787 :
1211 2731 1298 2788 ante
1325 2722 1429 2809 Qua-

634 2827 737 2920 drag.
753 2822 923 2896 secunda
935 2821 1069 2895 Oratio
1082 2829 1115 2900 Α
1127 2822 1285 2901 cundia
1298 2847 1335 2919 p.
1354 2820 1433 2918 lxij.

634 2933 741 3005 tertia
775 2932 825 3002 ad
863 2929 1034 3014 libitum;
1071 2928 1106 2999 in
1140 2927 1338 3023 Quadrag.
1376 2954 1431 3000 se—

634 3038 760 3112 cunda
787 3035 922 3109 Oratio
955 3035 1072 3107 beriae
1106 3051 1319 3107 occurrent.
1351 3038 1432 3131 (cu-

636 3148 692 3239 ius
713 3142 749 3215 in
770 3142 845 3213 line
864 3140 996 3233 legitur
1018 3140 1270 3233 lirangelium
1294 3200 1301 3222 ,
1324 3142 1430 3214 tertia

633 3262 669 3335 Α
691 3250 851 3332 cunetis.

937 3444 1015 3509 DIE
1037 3444 1133 3509 xlv.

941 3562 975 3608 rs·
1004 3558 1119 3608 rasio

794 3670 1003 3748 SANCTI
1053 3666 1272 3743 CANUTI

936 3793 1128 3838 staremus.

684 3885 724 3956 ln
751 3880 911 3965 Missali‚
942 3880 991 3954 ad
1018 3880 1118 3952 diem
1145 3906 1217 3952 xix.
1243 3883 1427 3956 Ianuarii.

665 4002 745 4076 ,32
777 4059 785 4073 .

634 4026 790 4170 plodo
820 4099 1037 4170 Commem.
1067 4098 1131 4166 SS.
1161 4093 1272 4166 ilarii
1302 4112 1338 4170 et
1365 4101 1432 4170 So-

634 4205 783 4278 ciorum
823 4204 866 4277 lit
902 4206 1120 4274 (Ionrmem.
1159 4203 1199 4273 S.
1246 4203 1431 4276 Valentini

637 4310 846 4409 Presbyteri
870 4315 901 4382 es
924 4309 1122 4406 Martyris,
1149 4308 1246 4382 utin
1271 4311 1432 4394 blissali,

635 4421 704 4491 hac
727 4418 787 4489 die
810 4442 884 4488 xiv.
909 4447 947 4520 p,
973 4423 1060 4516 343,
1088 4413 1216 4486 'l'ertia
1242 4417 1377 4490 Oratio
1401 4425 1435 4495 A

634 4529 795 4606 cundis.
810 4548 848 4620 p.
859 4527 935 4626 lxij.

1303 4639 1429 4650 ———-

933 4711 1011 4774 DIE
1034 4710 1131 4774 XVI.

947 4829 982 4874 IN
1006 4829 1120 4874 lissa'llt

763 4935 1018 5014 SANCTAE
1043 4934 1311 5011 IULIANAE

877 5067 976 5114 rinc.
1002 5069 1048 5114 rz'r
1070 5069 1183 5114 irari.

684 5159 803 5230 Missa
817 5162 883 5235 Me
895 5159 1202 5258 expeelaverunt.
1221 5155 1267 5226 tle
1278 5158 1432 5228 ljomm.

633 5265 735 5358 l'irg.
764 5269 796 5333 ἃ
822 5264 936 5334 Mart.
964 5261 1134 5333 seeundo
1159 5264 1259 5334 loco.
1286 5289 1324 5363 p.
1354 5266 1430 5364 xxj.

633 5367 1048 5468 praeterlivangelium.

682 5483 781 5550 Ante
807 5475 1003 5570 Quadrag.
1034 5474 1203 5547 secunda
1234 5475 1369 5548 Oratio
1399 5483 1432 5554 A

633 5586 791 5665 cunella
824 5607 865 5680 p·
883 5585 962 5686 lxii.
993 5580 1100 5654 terna
1127 5581 1177 5654 ad
1201 5579 1362 5654 libitum.
1394 5607 1432 5676 [n

634 5689 830 5786 Quadrag.
860 5687 1030 5761 secunda
1060 5685 1194 5760 Oratio
1220 5687 1267 5758 de
1295 5687 1429 5770 feria,

632 5797 741 5872 tertia
773 5808 808 5878 A
829 5801 987 5880 cunelis.

682 5901 932 5994 Eiangelium
968 5907 1431 5984 Accesseruntadlesum

634 6016 829 6094 Pharisaei,
860 6026 903 6082 ut
939 6009 973 6080 in
1013 6009 1219 6082 Coruinum
1262 6005 1425 6102 I'irginis

630 6127 659 6190 tl
681 6116 875 6212 Martyris.
901 6151 939 6225 p,
955 6123 1046 6223 xxij.

1047 977 1174 1050 atissa
1202 976 1361 1073 propria
1392 976 1571 1049 Ecclesia
1602 975 1862 1049 (Iarnutensis.

1770 1205 1849 1269 DIE
1870 1205 2001 1271 XXVI.

1643 1310 1682 1387 ln
1696 1330 1798 1381 anno
1817 1304 1996 1380 bissextili
2013 1330 2126 1377 xxva.

1803 1440 1838 1485 nr
1863 1436 1978 1485 rrzsro

1595 1535 1822 1613 SANCTAE
1847 1535 2191 1639 MARGARITAE

1672 1664 1929 1715 conion'rn'srs
1960 1666 2097 1713 rotari.
2372 1711 2375 1728 ,

1536 1756 1656 1831 hlissa
1675 1755 1863 1856 Cogndvi.
1885 1756 1932 1829 de
1953 1758 2105 1829 Comm.
2128 1776 2294 1852 prone:
2371 1763 2383 1838 ,l

1487 1858 1588 1955 l'irg.
1622 1886 1689 1937 nec
1724 1864 1838 1935 ,llart
1865 1887 1904 1961 p.
1929 1862 2044 1963 xxvij.
2069 1878 2178 1959 prat.
2208 1885 2291 1955 seq.
2379 1843 2382 1860 '

1813 1967 1959 2041 Oratio.
2025 2040 2030 2047 ,

1574 2100 1659 2169 aus,
1681 2072 1747 2175 qui
1765 2074 1953 2149 famulam
1972 2088 2080 2149 tuam
2099 2074 2295 2170 Margari-
2370 2131 2373 2166 ,

1490 2100 1571 2269 D
1598 2198 1677 2259 tarn
1699 2180 1747 2256 de
1761 2179 1987 2282 perditionis
2005 2178 2069 2257 via
2087 2180 2137 2255 ad
2155 2179 2297 2255 sallitis
2370 2179 2373 2190 '

1489 2289 1681 2369 tramitem
1719 2286 2019 2363 misericorditer
2055 2285 2251 2363 deduxisti
2285 2312 2293 2361 :
2370 2327 2372 2340 =

1490 2400 1627 2477 eadem
1647 2397 1758 2473 nobis
1773 2394 2020 2471 miseratione
2033 2394 2208 2471 concede
2224 2422 2236 2487 ;
2252 2410 2297 2470 ut
2370 2465 2372 2478 ,

1490 2532 1608 2609 quam
1627 2504 1733 2607 prius
1747 2510 1939 2579 errantem
1956 2502 2092 2579 seelari
2110 2526 2191 2577 non
2210 2526 2297 2577 eru·
2370 2521 2372 2542 ¹

1491 2616 1659 2706 baimuS,
1677 2634 1769 2687 mox
1787 2608 2037 2710 poenitentem
2052 2608 2217 2709 impigre
2232 2634 2295 2682 se-

1491 2721 1556 2823 qui
1567 2718 1787 2819 gloriemur.
1800 2719 1872 2792 Per
1888 2715 2099 2791 Dominum
2113 2730 2294 2791 nostrum
2369 2713 2372 2786 ζ

1490 2832 1624 2906 lesum
1651 2822 1847 2900 Christum
1877 2821 2017 2895 Filium
2040 2834 2182 2897 tuum:
2214 2820 2294 2916 Qui

1492 2950 1619 3011 tecum
1641 2929 1792 3005 vivit&
1814 2942 1959 3025 regnat.

1541 3040 1636 3107 Ante
1665 3032 1860 3127 Quadrag.
1893 3031 2062 3105 secunda
2090 3032 2227 3107 Oratio
2261 3038 2294 3110 Α
2375 2995 2379 3114 l

1491 3143 1652 3222 cunella
1666 3165 1703 3237 p.
1718 3140 1796 3239 lxij.
1809 3142 1916 3213 tertia
1936 3138 1985 3211 ad
2004 3136 2168 3211 libitum.
2368 3117 2379 3226 'l

1540 3251 1579 3322 ln
1605 3246 1844 3341 Quatlragcs
1870 3245 2041 3319 secunda
2062 3246 2196 3337 Ferae,
2218 3262 2290 3321 ter·
2367 3237 2379 3360 l

1490 3358 1537 3429 tia
1565 3362 1599 3432 Α
1615 3351 1775 3431 cunetis.
2367 3355 2379 3468 Ι

1659 3458 1789 3536 Leelio
1813 3457 1899 3533 libri
1921 3456 2140 3557 Sapientiae.
2375 3477 2378 3550 l

1761 3568 1870 3641 Cant.
1889 3566 1956 3640 3&
1980 3566 2016 3638 8.
2374 3562 2378 3679 Ι

1553 3699 1696 3766 unum,
1724 3678 1759 3748 δι
1782 3672 1954 3748 circuibo
1977 3669 2171 3748 civitatem
2195 3697 2203 3746 :
2226 3697 2293 3772 per
2367 3630 2378 3793 Ι

1492 3695 1684 3868 Svicos
1715 3783 1749 3854 a
1783 3779 1930 3877 plateas
1965 3803 2139 3879 quaeram
2176 3805 2290 3880 quern
2367 3810 2369 3819 ·

1491 3887 1610 3988 diligit
1630 3887 1760 3962 anima
1782 3909 1871 3960 mea
1895 3913 1903 3960 :
1937 3885 2097 3985 quaesivi
2125 3883 2236 3960 illum
2260 3891 2291 3961 ἃ
2367 3826 2379 3955 l

1491 4021 1571 4072 non
1583 3993 1726 4069 inveni.
1744 3995 1975 4068 Invenerunt
1987 4017 2049 4066 me
2061 3990 2209 4091 agiles,
2227 3991 2291 4092 qui
2367 3956 2378 4073 l

1491 4099 1712 4178 custodiunt
1733 4097 1948 4174 civitatem:
1972 4099 2077 4173 Num
2101 4123 2221 4197 quern
2242 4097 2293 4173 di·
2367 4084 2377 4259 Ι

1491 4209 1569 4308 ligit
1590 4207 1721 4284 anima
1747 4229 1834 4280 mea
1859 4203 2008 4280 vidistis
2034 4203 2052 4279 l
2085 4205 2291 4280 Paululum
2367 4144 2377 4357 Ι

1491 4338 1582 4390 cum
1609 4317 1902 4412 pertransissem
1921 4333 2003 4402 eos,
2026 4309 2154 4386 inveni
2175 4337 2289 4410 quern
2367 4288 2377 4411 i,

1492 4419 1610 4518 diligit
1631 4417 1761 4492 anima
1779 4441 1887 4492 mea:
1908 4417 2011 4492 tenui
2027 4441 2131 4508 eum,
2151 4443 2224 4492 nec
2241 4417 2292 4493 di·
2367 4410 2377 4553 Ι

1492 4534 1655 4616 mittam,
1684 4524 1809 4598 donec
1836 4522 2079 4598 introdacam
2111 4523 2221 4598 illurn
2253 4523 2291 4598 in
2367 4576 2369 4593 .

1492 4634 1654 4708 domum
1673 4627 1807 4704 matris
1824 4653 1935 4720 meae,
1956 4627 2048 4704 &in
2068 4631 2290 4705 cubiculum

1492 4735 1681 4838 genitricis
1706 4761 1814 4811 meae.
1839 4735 1988 4832 Adjlrro
2008 4759 2093 4828 νος,
2116 4735 2206 4812 liliae
2228 4738 2289 4812 Je-
2366 4700 2369 4783 l

1491 4845 1673 4936 rosalem,
1695 4867 1764 4941 per
1780 4849 1940 4940 capreas
1957 4849 2171 4941 cervosque
2190 4867 2290 4918 cam·
2373 4908 2377 4969 Ι

1491 4958 1645 5052 parum,
1667 4973 1714 5022 ne
1738 4947 1940 5040 suscitetis,
1965 4972 2089 5046 neque
2111 4947 2289 5046 evigilare
2366 4934 2368 4955 ¹

1490 5057 1638 5134 faciatis
1654 5055 1847 5146 dileelam,
1864 5055 1989 5130 donec
2004 5054 2087 5155 ipsa
2101 5055 2207 5132 velit.
2224 5059 2291 5131 Po·
2366 5086 2368 5095 ·

1491 5191 1538 5240 ne
1555 5189 1617 5238 me
1630 5177 1673 5238 ut
1687 5161 1927 5260 signaculum
1944 5185 2060 5260 super
2076 5185 2146 5236 cor
2164 5179 2287 5254 tuum,

1490 5288 1532 5348 ut
1546 5270 1784 5370 signaculum
1801 5292 1917 5369 super
1931 5265 2132 5343 brachium
2153 5285 2262 5344 tuum
2280 5297 2287 5360 ;

1490 5379 1581 5478 quia
1605 5375 1715 5452 fortis
1734 5391 1848 5450 estut
1869 5396 1981 5450 mors
2003 5373 2170 5468 dileetio,
2193 5375 2290 5450 dura

1490 5485 1588 5560 sicut
1619 5483 1789 5558 infernus
1822 5481 2050 5558 aemulatio:
2090 5483 2291 5582 lampades

1490 5595 1585 5692 ejus,
1616 5588 1815 5688 lampades
1844 5587 1940 5686 ignis
1969 5604 2084 5688 atque
2115 5589 2291 5664 flamma·
2371 5606 2374 5661 t

1490 5722 1588 5773 rum.
1636 5700 1757 5795 Aquae
1797 5697 1928 5770 multae
1968 5718 2047 5770 non
2083 5703 2291 5794 potuerunt
2370 5676 2374 5801 l

1489 5809 1706 5901 extinguere
1752 5799 1965 5892 caritatem,
2013 5825 2084 5876 nec
2126 5801 2290 5878 flamina
2370 5804 2373 5839 ¹

1489 5912 1653 5986 ebruent
1673 5908 1792 5984 illam.
1820 5907 1859 5984 Si
1883 5905 2032 5982 dederit
2053 5909 2176 5983 homo
2203 5933 2289 5984 orn-
2369 5866 2372 5983 l

1489 6041 1577 6092 nem
1601 6013 1855 6091 substantiam
1877 6014 2019 6090 domus
2041 6037 2120 6090 suae
2140 6039 2214 6114 pro
2238 6015 2289 6092 di·
2368 6002 2371 6099 l

1489 6123 1663 6210 stelione,
1682 6121 1791 6221 quasi
1806 6121 1899 6197 nihil
1911 6121 2095 6220 despiciet
2108 6145 2211 6198 earn.
2368 6118 2371 6203 l

2366 6278 2370 6385 l
