5325 7200
638 976 706 1051 52*
1055 975 1186 1051 Missae
1211 971 1376 1075 propriae
1403 970 1583 1050 Ecclesiae
1610 971 1868 1048 Carnuteusis.

636 1116 676 1191 in
690 1139 757 1191 ore
780 1139 867 1211 suo,
889 1120 925 1193 dr
946 1114 1075 1214 lingua
1088 1138 1160 1189 sua
1179 1111 1325 1189 mentiti
1345 1126 1433 1189 sunt
1488 1110 1675 1188 crificium
1692 1135 1764 1213 pro
1782 1110 1964 1188 universo
1987 1112 2134 1214 populo
2152 1128 2229 1188 tuo
2250 1112 2300 1187 ls-
2367 1171 2368 1184 .

637 1220 694 1298 ei:
711 1246 781 1298 cor
794 1238 922 1299 autem
941 1229 1077 1297 edrum
1093 1234 1269 1297 nouerat
1285 1220 1433 1297 redium
1488 1218 1581 1311 rael,
1606 1215 1813 1295 &custodi
1835 1232 1985 1319 partem
2009 1233 2132 1312 tuam,
2152 1222 2190 1295 u
2212 1240 2300 1293 san·
2366 1253 2368 1336 q

636 1354 727 1405 cum
746 1352 808 1424 eo,
827 1352 899 1404 nec
921 1327 1055 1403 fideles
1077 1326 1197 1403 hebiti
1217 1340 1309 1402 sunt
1322 1326 1362 1402 in
1384 1340 1434 1403 te·
1488 1324 1626 1402 urfica.
1663 1326 1862 1423 Cengrega
1905 1323 2190 1425 dispersionem
2226 1348 2297 1399 no-

637 1443 827 1512 stamento
853 1436 949 1535 ejus.
973 1436 1112 1533 lulpse
1126 1449 1256 1510 autem
1282 1448 1340 1509 est
1366 1430 1435 1507 mi·
1490 1446 1622 1525 stram,
1645 1431 1766 1507 libera
1793 1455 1861 1507 eos
1886 1430 1952 1533 qui
1975 1430 2148 1507 serviunt
2173 1430 2297 1530 genti-
2372 1427 2374 1436 '

638 1541 814 1636 sericors,
836 1540 1078 1642 &propitius
1099 1540 1166 1616 fiet
1186 1540 1354 1640 peccetis
1374 1546 1436 1615 ee·
1490 1540 1576 1632 bus,
1597 1540 1632 1613 ἃ
1650 1542 1942 1639 contemptos&
1960 1537 2214 1615 abominetos
2236 1544 2296 1611 re-

637 1674 751 1725 rum:
779 1653 814 1725 ἃ
834 1672 914 1724 non
936 1645 1132 1748 disperdet
1153 1671 1235 1722 eos.
1490 1643 1608 1745 spice.

641 1758 691 1856 ᾧ
707 1754 913 1856 Sequentia
937 1753 1057 1830 saneti
1078 1752 1276 1853 Evangelii
1303 1758 1437 1829 secun·
1816 1751 1982 1825 Secreta.

721 1862 817 1939 dum
841 1862 1084 1937 Matthaeum.
1118 1853 1271 1951 ⁸Martha
1294 1874 1352 1927 22.
1589 1882 1717 1934 osrms
1741 1858 1874 1961 pepuli
1901 1858 1970 1952 tui,
1996 1856 2181 1950 Demine,
2213 1879 2299 1956 pro-
2370 1923 2373 1958 ,

728 1968 794 2044 illo
812 1975 1010 2067 tempore:
1036 1965 1292 2065 Respondens
1308 1967 1435 2051 lesus,
1612 1965 1726 2064 pitius
1752 1964 1930 2065 respice:
1963 1968 1998 2039 δι
2022 1980 2179 2064 praesta,
2204 1976 2250 2039 ut
2274 1986 2296 2037 a
2370 1999 2373 2054 ;

644 1996 805 2163 ludim
823 2080 962 2150 iterum
988 2073 1028 2147 in
1045 2071 1239 2172 parebolis
1261 2069 1438 2172 principi·
1491 2072 1706 2167 diabelicis,
1724 2072 1865 2173 quibus
1884 2068 2129 2163 renuntiavit,
2145 2068 2297 2169 luqueis

638 2182 711 2257 bus
725 2179 980 2259 Sacerdotum
994 2184 1029 2255 tt
1044 2177 1259 2273 Pharisaeis,
1278 2179 1433 2253 dicens:
1491 2186 1707 2255 constenter
1731 2178 1943 2273 dbstinens‚
1967 2194 2048 2254 toto
2076 2176 2143 2252 tibi
2175 2176 2296 2253 corde

638 2286 769 2365 Simile
801 2285 945 2362 foetum
972 2301 1029 2362 est
1058 2311 1218 2386 regnum
1245 2284 1436 2360 coelorum
1491 2293 1719 2386 prostretus,
1756 2284 2032 2361 misericerdiae
2067 2300 2142 2360 tuae
2181 2282 2295 2360 donis
2362 2321 2365 2378 p

637 2390 786 2470 hemini
798 2390 889 2491 regi,
905 2390 971 2491 qui
984 2391 1073 2469 fecit
1086 2390 1238 2492 nuptias
1247 2390 1327 2466 filio
1347 2413 1434 2465 suo.
1491 2390 1805 2492 multiplicetur&
1819 2406 1981 2470 crescat.
1997 2392 2069 2466 Per
2081 2388 2295 2467 Dominum
2362 2381 2365 2460 i

639 2501 690 2579 Et
705 2498 810 2575 misit
826 2520 960 2573 servos
983 2522 1077 2574 suos
1091 2505 1235 2575 vocure
1254 2496 1436 2573 invitetos
1491 2514 1667 2575 nostrum
1678 2502 1812 2576 Jesum
1827 2498 2037 2575 Christum.

637 2604 688 2681 ad
697 2604 864 2706 nuptias,
881 2608 916 2680 &
929 2604 1113 2681 nolebant
1124 2610 1269 2682 venire.
1292 2606 1435 2679 lterum
1549 2600 1723 2675 Praelatio
1740 2600 1786 2673 de
1803 2604 1942 2675 Cruce.
1955 2631 1995 2705 p,
2021 2630 2102 2704 ¹9¹·
2117 2600 2180 2673 vel
2208 2625 2292 2679 212.

638 2711 742 2789 misit
764 2709 862 2787 elios
887 2734 1021 2785 servos
1043 2710 1204 2787 dicens:
1232 2708 1354 2787 Dicite
1381 2709 1434 2785 in·
1548 2707 1793 2783 Communio.
1817 2710 1912 2783 Luc.
1932 2706 2130 2803 23.Pater‚
2147 2708 2295 2785 dimitte
2362 2787 2364 2800 ,

636 2818 762 2895 vitetis
780 2842 788 2891 :
806 2819 908 2894 Ecce
922 2816 1127 2916 prendium
1141 2840 1273 2892 meum
1286 2815 1433 2916 parevi,
1491 2818 1577 2915 illis,
1594 2842 1673 2897 non
1688 2816 1791 2895 enim
1802 2816 1928 2893 sciunt
1942 2815 2208 2917 quidlaciunt.

634 2925 735 3001 tauri
764 2922 855 3017 mei,
889 2927 925 2999 δι
957 2922 1074 2999 altilia
1109 2930 1239 2999 occisa
1269 2937 1372 3017 sunt,
1403 2926 1437 2997 ἃ
1734 2916 2061 2996 Postcommunio.

637 3028 769 3107 emnia
786 3036 944 3131 pareto:
965 3035 1091 3105 venite
1114 3028 1165 3105 ad
1189 3028 1356 3129 nuptias.
1380 3028 1435 3105 llli
1577 3055 1697 3111 OMINE
1724 3034 1816 3109 Jesu
1843 3029 2007 3125 Christe,
2034 3030 2100 3131 qui
2122 3054 2198 3132 pro
2222 3027 2291 3103 ini-

637 3153 766 3215 autem
788 3136 1048 3234 neglexerunt,
1072 3138 1106 3211 ἃ
1126 3134 1316 3228 abierunt,
1338 3134 1436 3211 elius
1479 3053 1580 3219 ·D
1603 3139 1713 3215 micis
1725 3138 1799 3216 tuis
1812 3136 1967 3214 veniam
1979 3135 2295 3238 implorestizper
2360 3173 2364 3210 r

637 3243 678 3319 in
696 3243 829 3319 villam
852 3266 978 3336 suam,
1003 3240 1102 3322 elius
1124 3265 1219 3318 vero
1244 3243 1296 3317 ad
1317 3266 1435 3341 nego·
1491 3248 1573 3323 haec
1597 3246 1780 3349 Cdrporis
1804 3250 1838 3321 ἃ
1862 3244 2063 3345 Senguinis
2083 3242 2139 3321 tui
2165 3267 2294 3319 sacra·
2361 3283 2363 3338 Ι

636 3349 834 3427 tiationem
854 3372 995 3423 suam:
1021 3346 1157 3448 reliqui
1183 3372 1278 3423 vero
1301 3356 1434 3425 tenue·
1491 3362 1620 3431 menta
1643 3378 1730 3455 quae
1750 3350 2001 3453 sumpsimus,
2028 3350 2230 3445 concede:
2254 3366 2295 3425 ut
2361 3379 2363 3430 1

637 3470 728 3533 runt
746 3478 882 3531 servos
900 3456 997 3555 ejus,
1020 3453 1316 3531 &contumeliis
1340 3455 1435 3532 affe·
1491 3460 1557 3562 qui
1578 3460 1713 3537 mundi
1727 3458 1959 3536 vanitetibus
1980 3472 2110 3535 errant
2126 3457 2291 3558 decepti,
2361 3463 2364 3611 1

639 3564 721 3642 etos
739 3560 975 3639 occiderunt.
1004 3564 1090 3639 Rex
1111 3576 1241 3638 autem
1260 3584 1350 3638 cum
1372 3586 1437 3640 au·
1491 3566 1636 3644 amoris
1669 3566 1724 3645 tui
1751 3573 1960 3661 memores,
1989 3566 2041 3644 nd
2066 3580 2102 3642 te
2132 3563 2292 3640 redeant

639 3671 769 3762 disset,
785 3667 904 3744 iretus
920 3682 1001 3744 est:
1018 3667 1192 3743 &missis
1206 3669 1436 3746 exercitibus
1491 3673 1682 3752 conversi.
1709 3675 1788 3770 Qui
1810 3673 1922 3750 vivis.

639 3775 733 3868 suis,
759 3771 925 3873 perdidit
951 3772 1169 3849 homicidas
1195 3772 1295 3868 illos,
1325 3781 1361 3852 δι
1388 3776 1436 3852 ci·
1895 3851 1903 3877 ,

639 3882 795 3960 vitetem
819 3879 975 3956 illorum
999 3879 1210 3956 succendit.
1239 3882 1353 3957 Tunc
1383 3883 1437 3960 ait
1721 3855 1852 3918 MISSA
1877 3851 2050 3916 tOTlVA

640 3986 761 4065 servis
789 3985 901 4061 suis:
932 3985 1087 4086 Nuptiae
1113 3985 1271 4087 quidem
1292 3997 1435 4088 paratae
1525 3980 1631 4058 PRO
1659 3980 1797 4056 FIDEI
1823 3978 2256 4056 PROPAGATIONE.
2360 3912 2364 4107 f

640 4108 742 4187 sunt,
763 4090 831 4167 sed
853 4090 919 4193 qui
939 4091 1086 4170 inviteti
1107 4108 1230 4187 erant,
1256 4119 1337 4171 non
1360 4096 1437 4172 fue
1548 4098 1668 4172 Missa
1690 4111 1732 4170 ut
1754 4094 1791 4168 in
1818 4095 2091 4193 Supplcmento
2119 4095 2294 4192 generali.
2360 4128 2363 4171 ι

638 4215 728 4278 runt
745 4198 861 4298 digni.
879 4201 932 4274 lte
948 4222 1038 4297 ergo
1057 4197 1108 4275 ad
1130 4199 1253 4276 exitus
1266 4200 1433 4298 rherum,
1490 4232 1529 4307 p.
1549 4203 1674 4304 clxxij.
2360 4228 2363 4241 ·

639 4313 673 4386 ἃ
691 4313 959 4409 quoscumque
977 4304 1212 4400 inveneritis,
1232 4316 1370 4384 vocete
1385 4310 1436 4386 ad

638 4415 802 4514 nuptias.
823 4414 875 4488 Et
893 4410 1033 4510 egressi
1052 4411 1153 4488 servi
1176 4415 1258 4513 eius
1278 4413 1318 4490 in
1336 4414 1433 4512 vias,
1832 4386 1962 4448 MISSA

637 4525 967 4620 congregaverunt
988 4542 1125 4594 omnes
1148 4543 1249 4619 quos
1276 4519 1435 4598 invene·
1522 4508 1627 4585 PRO
1652 4507 1861 4583 GRATHS
1884 4505 1993 4582 DEO
2019 4504 2264 4580 AGENDIS·
2362 4578 2363 4587 .

637 4642 739 4721 runt,
756 4625 1327 4725 malos&bonos:&impletae
1345 4645 1437 4706 sunt
1546 4628 1692 4704 Dicitur
1729 4627 1851 4702 Missa
1893 4627 1940 4702 de
1976 4629 2040 4702 SS.
2084 4623 2297 4712 Trinitntc,
2361 4644 2364 4663 ·

636 4732 778 4833 nuptiae
808 4730 1151 4808 discumbentium.
1181 4725 1339 4810 lntreuit
1366 4761 1435 4812 au·
1497 4740 1557 4812 vel
1574 4738 1620 4812 de
1638 4737 1777 4811 Soneio
1793 4733 1947 4832 Spiritu,
1966 4733 2026 4806 vel
2044 4731 2090 4804 de
2111 4733 2157 4804 B.
2173 4732 2231 4804 M.
2255 4732 2295 4802 l'.

635 4855 713 4917 tem
733 4863 814 4933 rex,
840 4853 885 4916 ut
903 4837 1051 4916 videret
1073 4838 1374 4936 discumbentes,
1401 4846 1435 4918 ἃ
1498 4843 1711 4920 secundum
1732 4857 1903 4940 tempor,
1931 4864 2020 4914 cum
2044 4835 2296 4914 Orationibus

633 4945 729 5024 vidit
749 4945 802 5023 ibi
816 4944 1018 5029 hominem
1037 4969 1118 5021 non
1133 4951 1315 5022 vestitum
1332 4963 1435 5025 veste
1498 4949 1755 5052 sequentibus.

635 5050 807 5154 nuptieli.
827 5054 877 5128 Et
890 5050 943 5127 ait
960 5050 1039 5126 illi:
1061 5055 1211 5146 Amice,
1233 5054 1435 5153 quemodo
1819 5051 1966 5128 Oratio.

635 5161 711 5236 huc
731 5156 893 5250 intresti,
916 5181 997 5232 non
1014 5158 1163 5234 habens
1188 5174 1336 5236 vestem
1362 5185 1434 5236 nu·
1577 5187 1664 5255 nus,
1693 5162 1802 5261 cujus
1826 5157 2099 5234 misericerdiae
2128 5181 2210 5234 non
2236 5173 2292 5234 est

633 5265 789 5367 ptielem
806 5263 890 5340 tAt
902 5264 963 5340 ille
983 5264 1189 5343 obmutuit.
1204 5268 1317 5344 Tunc
1342 5266 1436 5344 dixit
1599 5275 1798 5361 numerus,
1810 5271 1843 5342 ἃ
1855 5263 2034 5344 bonitetis
2047 5263 2220 5341 infinitus
2236 5279 2292 5340 est
2362 5238 2364 5311 i

633 5397 701 5450 rex
721 5370 929 5447 ministris:
954 5370 1095 5470 Ligetis
1116 5371 1296 5449 menibus
1318 5378 1353 5449 ἃ
1372 5381 1435 5474 pe·
1488 5375 1713 5452 theseums:
1725 5373 1907 5474 piissimae
1921 5371 2114 5472 Majesteti
2128 5387 2204 5448 tuae
2219 5395 2290 5471 pro
2361 5388 2364 5403 ¹

634 5478 747 5556 dibus
776 5479 872 5578 ejus,
903 5477 1038 5554 mittite
1069 5503 1160 5554 eum
1187 5479 1227 5555 in
1255 5481 1434 5557 tenebras
1489 5483 1636 5559 collutis
1668 5481 1780 5557 donis
1812 5478 1951 5579 gretias
1983 5476 2147 5577 egimus,
2183 5493 2290 5554 tuam
2362 5470 2364 5501 '

633 5585 871 5665 exterieres:
901 5583 955 5660 ibi
979 5583 1050 5660 erit
1076 5585 1190 5661 fletus
1227 5586 1435 5664 &stridor
1489 5613 1642 5689 semper
1656 5587 1899 5664 clementiam
1919 5593 2121 5662 exorantes
2133 5611 2145 5679 ;
2162 5599 2207 5660 ut
2225 5583 2289 5685 qui
2361 5650 2363 5659 .

632 5694 820 5772 dentium.
836 5690 950 5769 Multi
966 5691 1070 5768 enim
1083 5707 1172 5768 sunt
1182 5692 1325 5787 voceti,
1343 5719 1435 5794 pau·
1489 5694 1702 5797 petentibus
1712 5695 1904 5795 postuleta
1914 5691 2113 5786 concedis»,
2128 5691 2288 5768 eosdem

632 5801 779 5880 civero
804 5799 924 5878 eleeli.
1076 5797 1217 5876 Credo.
1489 5827 1569 5879 non
1590 5802 1784 5896 deserens,
1806 5802 1856 5877 ad
1880 5797 2040 5900 praemia
2058 5799 2190 5874 futura
2218 5796 2290 5873 dis·
2360 5832 2363 5883 ι

693 5909 953 5986 Oll'ertoriurn.
982 5911 1023 5982 ll.
1051 5906 1180 5980 hlach.
1217 5929 1244 5974 1-
1266 5907 1433 5984 Domine
1488 5915 1626 6008 penas.
1643 5909 1716 5984 Per
1731 5906 1944 5984 Dominum
1957 5919 2136 5980 nostrum
2154 5905 2287 5980 Jesum

633 6023 752 6115 Deus,
786 6016 963 6094 emnium
993 6022 1157 6109 creetor,
1191 6013 1369 6091 terribilis
1399 6019 1434 6092 ἃ
1490 6014 1686 6092 Christum
1712 6013 1852 6092 Filium
1880 6029 2015 6090 tuum:
2049 6007 2129 6106 Qui
2159 6023 2287 6086 tecum

630 6125 754 6218 fortis,
772 6126 945 6224 justus&
964 6120 1205 6197 misericors:
1221 6119 1354 6220 eccipe
1369 6145 1431 6198 sa·
1491 6120 1585 6198 vivit
1599 6126 1632 6197 8:
1646 6136 1791 6222 regnat.
