5325 7200
710 1039 776 1114 Die
803 1040 856 1137 iij.
875 1039 990 1114 Junii.
1011 1039 1048 1112 S.
1064 1040 1243 1114 Huunae.'
1620 1061 1643 1132 3

322 1197 432 1270 linter
466 1191 703 1268 insutuirent.
721 1187 865 1264 Exinde
891 1191 954 1264 vix
994 1215 1122 1266 rursus
1139 1191 1243 1266 illita
1262 1205 1335 1288 est,
1350 1217 1531 1269 unacum
1546 1196 1644 1270 Prin·

321 1293 433 1368 edituo
448 1293 594 1394 spirans
607 1289 645 1363 in
661 1290 854 1364 circerem
872 1314 957 1390 pro·
994 1293 1067 1366 tieo
1095 1290 1335 1366 adotescente
1361 1288 1454 1368 uuio
1481 1294 1648 1394 quinde-

317 1394 426 1492 je'etus
441 1407 517 1480 est,
540 1387 770 1488 tende'mque
787 1403 872 1490 post
897 1389 959 1462 bi·
993 1393 1066 1464 einr
1087 1391 1237 1466 circiter
1249 1415 1384 1466 annos.
1402 1393 1454 1467 Et
1468 1394 1648 1470 Ponticus

320 1493 426 1566 duum
444 1492 613 1568 inimum
630 1489 831 1564 exhattvir.
994 1487 1162 1590 quidem,
1181 1505 1319 1608 equote
1336 1491 1647 1614 suppticiagone·
1767 1522 1769 1525 ¹
1853 1493 1868 1512 ⁵

537 1583 665 1656 Lectio
689 1607 727 1654 v.
994 1592 1076 1664 nise
1115 1614 1337 1689 perpessus,
1373 1594 1500 1666 emisit
1536 1594 1647 1692 spiri·

317 1696 534 1867 ql'munus
555 1711 645 1762 vero
666 1687 890 1788 neophytus,
921 1699 960 1762 et
994 1703 1092 1764 tum.
1112 1691 1227 1764 Berito
1241 1715 1330 1764 vero
1345 1691 1547 1783 mendino,
1563 1709 1649 1791 post

318 1856 329 1866 .
423 1792 584 1866 Sanctus
620 1787 809 1862 Diiconus
841 1789 959 1866 Vien-
992 1789 1139 1891 flagra,
1159 1805 1243 1889 post
1275 1789 1432 1874 bestias,
1460 1806 1544 1890 post
1563 1817 1646 1865 sar·

324 1889 459 1979 ninsis,
489 1909 578 1964 cum
609 1886 794 1962 Blandina
822 1887 960 1962 astuitia
993 1889 1177 2006 triginem,
1191 1889 1348 1964 reticulo
1359 1891 1518 1982 inclusa,
1535 1903 1646 1966 tauro

323 1989 556 2088 pluribusque
589 1985 695 2072 iltis,
732 1986 836 2060 ducti
871 2001 957 2060 sunt
992 1987 1141 2089 objectu
1161 2003 1217 2062 est
1231 2013 1243 2082 ;
1258 2013 1280 2062 e
1295 2015 1371 2090 quo
1389 1989 1455 2064 diu
1471 1992 1511 2063 in
1523 1989 1644 2064 altum

323 2087 363 2162 nt
398 2087 536 2164 bestias
564 2089 604 2160 in
644 2086 955 2185 emphiteritrum.
988 2088 1152 2188 jactito,
1173 2089 1327 2162 tandem
1355 2101 1406 2164 et·
1423 2091 1505 2190 ipsa
1526 2091 1648 2164 inetur

323 2187 479 2262 biettinis
491 2186 645 2290 quidem
661 2199 699 2259 et
711 2187 870 2261 Sanctus
882 2186 959 2260 illic
995 2188 1155 2278 rictimae
1174 2189 1211 2286 ju
1241 2185 1345 2262 utera
1361 2202 1430 2263 est.

321 2288 491 2362 consueta
535 2285 762 2388 flagrorum*
802 2284 960 2359 verbera
1038 2286 1081 2358 in
1117 2284 1172 2378 iij.¹
1229 2295 1391 2356 octurno
1417 2280 1583 2357 Humilia
1602 2284 1643 2356 in

322 2387 567 2485 pertulerunt,
584 2399 624 2460 et
641 2381 846 2460 bestitirum
860 2385 960 2484 ipsos
990 2383 1170 2484 Evangel.
1204 2386 1452 2461 Descendens
1473 2387 1579 2460 Jesus
1602 2386 1649 2460 de

323 2485 546 2560 setensium
570 2485 765 2576 morsus3i
811 2507 873 2558 am
892 2507 959 2584 po·
995 2499 1209 2576 monte,ut
1226 2486 1264 2557 in
1283 2482 1419 2557 eodem
1443 2484 1647 2558 Communi

324 2587 448 2660 stre'mo
461 2586 628 2660 ferream
641 2583 753 2658 crithe
783 2607 876 2673 ram,
897 2585 959 2657 cui
990 2587 1029 2684 ij.
1051 2585 1149 2658 loco.
1394 2585 1398 2596 ’

323 2687 546 2786 snper-posita
589 2685 797 2784 Mirtymm
834 2707 959 2757 mem·
1040 2687 1168 2760 Lectio
1203 2685 1253 2756 ix,
1309 2684 1371 2754 SS.
1407 2683 1642 2774 Marcellini,

323 2785 401 2876 bn3
426 2809 518 2859 cum
536 2784 784 2874 torrerentur,
807 2783 957 2856 illorum
989 2787 1089 2862 Petri
1108 2798 1146 2858 et
1175 2785 1343 2870 Erasmi,
1371 2795 1416 2853 ut
1441 2785 1482 2854 in
1513 2785 1640 2880 Breu,

323 2909 418 2960 nares
443 2885 728 2958 molestissimus
755 2882 867 2956 nidor
887 2885 961 2955 im-
991 2887 1137 2960 duabus
1157 2886 1194 2954 in
1212 2907 1327 2954 unam
1343 2881 1499 2979 junctis,

322 2984 448 3082 pie'bat.
467 2985 514 3057 Hi
532 3007 635 3084 ergo,
656 2983 822 3056 miximo
838 2983 961 3056 certi-
1040 2985 1095 3058 Ad
1125 2983 1272 3058 Laudes
1308 3007 1407 3056 comt
1440 2984 1505 3055 SS.
1532 2984 1645 3058 Mart.

323 3085 411 3158 nune
439 3085 629 3184 perfuncti
650 3139 658 3170 ‚
678 3081 830 3156 tandem
845 3081 961 3184 jugu·
992 3113 1060 3188 per
1076 3087 1196 3158 Anam
1217 3108 1282 3176 eq.
1303 3083 1417 3180 Vesp.

322 3183 378 3258 titi
398 3195 501 3258 sunt.
520 3182 708 3257 Blandina
729 3195 857 3256 autem
882 3238 891 3270 ,
911 3179 959 3254 ad
1040 3179 1080 3258 ln
1100 3187 1139 3282 ij.
1160 3185 1272 3281 Vesp.
1294 3183 1454 3280 aCapit.
1474 3180 1521 3254 de
1539 3208 1635 3283 seq,

321 3283 438 3382 poium
461 3283 663 3384 suspense,
693 3280 821 3356 bestiis
834 3278 959 3379 subje·
991 3313 1091 3360 com.
1125 3284 1286 3384 praeced.
1317 3297 1353 3357 et
1379 3285 1418 3356 S.
1443 3283 1631 3378 olorinis,

322 3396 374 3456 cu
385 3397 452 3457 est.
470 3383 561 3477 Quae
578 3405 665 3455 cum
684 3379 858 3456 incrucis
875 3379 961 3478 spe·
989 3389 1083 3488 Reg.
1103 3385 1209 3458 Orat.
1227 3381 1378 3458 Euxiudi
1397 3408 1479 3458 nos.

321 3483 406 3556 ciem
469 3481 652 3582 suspensa
712 3480 958 3565 cerneretur,
1162 3481 1482 3560 omittuntur.

323 3585 465 3685 Derique
496 3581 745 3657 intentissime
770 3579 964 3679 supplici·
1102 3589 1139 3659 S.
1160 3585 1333 3673 Hunnae‚
1369 3581 1514 3657 Viduae.

324 3696 396 3775 ret,
417 3684 622 3755 rnsiximam
640 3680 873 3756 atriensium
893 3678 962 3752 ad·
1117 3686 1260 3759 Semid.
1282 3684 1329 3755 ud
1350 3683 1515 3760 libitum.

324 3782 428 3857 dibni
456 3780 713 3872 normannum
734 3780 874 3881 quippe
898 3779 961 3878 qui
1043 3788 1173 3861 Omnia
1192 3786 1237 3859 de
1253 3786 1453 3857 Communi
1466 3784 1647 3885 neeVirgs

324 3882 384 3955 sub
415 3881 553 3957 sortiris
569 3880 732 3980 persona
763 3880 964 3953 ce'rnerent
991 3914 1063 3963 nec
1082 3891 1192 3962 Mart,
1209 3900 1347 3986 praeter
1363 3908 1441 3983 seq.

324 3982 419 4055 ilium
442 3982 507 4081 qni
539 4005 608 4081 pro
637 3980 649 4053 i
677 3980 726 4053 sis
756 3978 963 4052 crucifixus
1239 3986 1383 4060 Oratio,

323 4096 383 4155 ut.
403 4082 572 4179 Cumque
600 4006 705 4152 nuiia
728 4091 818 4151 tunc
844 4076 964 4151 be'stia
1079 4105 1141 4155 nus
1172 4076 1236 4177 qui
1259 4071 1413 4149 beritum
1439 4078 1644 4171 Heronem,

324 4206 450 4280 corpus
465 4180 545 4279 ejus
562 4176 771 4279 attigisset,
792 4176 963 4275 deposita
1105 4177 1289 4255 simulem
1327 4188 1453 4268 tuam,
1481 4178 1648 4253 mirtbiti

323 4304 363 4353 ex
391 4280 513 4379 stipite
541 4300 672 4353 rursus
697 4278 736 4349 in
770 4272 960 4351 sincerem
978 4316 980 4325 ·
997 4282 1036 4355 in
1067 4280 1251 4381 priuperes
1281 4272 1466 4350 charitite
1490 4276 1648 4351 decori-

324 4379 532 4477 conjicitur,
565 4379 604 4451 in
639 4376 741 4451 eiiiud
768 4377 961 4450 certimen
998 4382 1044 4455 sti
1068 4408 1076 4453 ε
1097 4380 1240 4467 tribue,
1288 4397 1474 4449 uaesumus
1488 4400 1500 4469 ;
1519 4390 1564 4451 ut
1579 4402 1648 4451 nos

325 4480 515 4553 nserrrita.
998 4479 1239 4579 eidem-igne
1257 4398 1453 4548 iisarirtns
1470 4477 1617 4551 accensi
1635 4535 1644 4569 ,

523 4594 649 4667 Lectio
676 4592 725 4691 vj.
1000 4592 1061 4669 te,
1082 4578 1146 4677 qui
1168 4574 1333 4651 obtritas
1349 4596 1416 4662 es,
1437 4577 1646 4677 consequir-

370 4678 768 4779 nmmssoiimnispud
786 4700 855 4752 nos
867 4700 962 4749 mer·
997 4702 1095 4753 mur.
1117 4680 1186 4750 Per
1210 4671 1429 4752 Dominum.

394 4784 504 4875 citu,
549 4782 686 4855 Praeses
732 4776 964 4853 beatissimos
1043 4792 1081 4862 in
1108 4788 1351 4881 j.Nocturno
1378 4784 1572 4856 Lectiones
1597 4782 1644 4853 de

328 4882 495 4981 Μᾶῐψεθ
519 4880 569 4955 ad
586 4876 876 4978 tribunuljubet
893 4875 962 4950 ad·
992 4894 1183 4988 scriplum
1206 4898 1441 4958 occurrente.

328 4978 436 5073 driei,
480 4996 673 5078 tamquam
706 4980 745 5051 in
786 4976 960 5051 theatrili
1092 4992 1132 5062 ln
1153 4986 1540 5061 secundott‘octnrno.

329 5104 454 5181 pompa
485 5102 550 5155 eos
572 5077 720 5177 populis
752 5074 958 5151 ostentans.
1228 5088 1354 5158 Lectio
1372 5110 1420 5157 ιν,

329 5180 483 5281 Cumque
500 5174 962 5276 itiosdenuointerrogis-
1086 5165 1499 5273 uuntliurgundirinnm
1513 5190 1645 5268 regum

329 5292 399 5369 set,
424 5280 650 5379 quicumque
672 5278 772 5351 eires
800 5274 960 5349 Remini
1108 5274 1249 5377 genere
1275 5280 1374 5360 orta,
1394 5265 1571 5341 Adiirico
1591 5264 1648 5339 tt-

331 5378 455 5475 renirti
480 5375 958 5476 sunt‚cr'1pitetruncivit;
996 5374 1097 5449 sitire
1124 5369 1218 5448 Duci
1238 5368 1422 5469 stinguine
1444 5366 1643 5467 proxima,

332 5478 479 5577 re'iiquos
512 5475 670 5553 trididit
702 5474 841 5549 bestiis.
874 5476 963 5547 Post
991 5473 1070 5571 jam
1095 5498 1120 5547 a
1142 5470 1357 5547 tenerrimis
1384 5469 1493 5541 annis
1519 5464 1645 5539 ‹imni-

333 5574 575 5667 insomnes,
619 5574 754 5649 irltimo
806 5572 958 5648 tandem
996 5576 1065 5648 bus
1098 5573 1268 5647 omnium
1298 5568 1480 5642 virtutum
1512 5565 1641 5640 exem·

333 5678 615 5771 spectaculorum
652 5674 738 5767 die,
777 5673 958 5748 Blandine
994 5674 1076 5773 piar
1101 5673 1177 5747 fuit
1213 5682 1252 5745 et
1281 5692 1428 5743 norme.
1460 5666 1639 5741 iiunnrini
