5325 7200
908 813 980 891 hie
997 815 1084 909 xvij.
1100 824 1138 891 et
1152 814 1252 909 xviij.
1271 814 1411 893 hiertii.
2023 830 2064 901 ii

662 1002 720 1055 me
739 1002 828 1055 xvir.

337 1070 386 1151 S.
417 1072 667 1173 PhTiiiTii,
697 1073 855 1155 EPlSC.
886 1075 948 1155 ET
974 1076 1121 1157 cohi.

374 1190 493 1271 hiissa
526 1194 632 1271 utin
662 1193 841 1287 hiissali,
869 1194 1044 1273 subhac
1072 1196 1147 1274 die.

374 1298 421 1377 Et
447 1300 492 1379 iit
511 1322 613 1379 com.
629 1302 671 1381 S.
696 1300 806 1379 Pauli
827 1302 1147 1406 Constantinop,

310 1402 438 1485 hiant.
460 1408 614 1488 Oratio.
630 1408 815 1485 Praesta...
833 1408 876 1480 ut
890 1403 970 1503 qui.
985 1411 1031 1489 ln
1047 1412 1150 1507 Qua·

312 1510 546 1699 dragesilma
566 1516 608 1597 fit
636 1540 740 1599 eom.
778 1518 901 1597 Feriee
928 1526 1018 1597 ante
1043 1542 1145 1597 com.

312 1666 323 1689 .
354 1678 363 1695 .
419 1644 468 1701 au
492 1648 515 1699 1.

645 1852 702 1904 hle*
721 1852 829 1905 xiiii.

418 1926 458 2007 S.
479 1928 776 2029 unanimis,
796 1935 1051 2018 hiiCiihNG.

513 2045 962 2133 introitus.Pralm.67.

417 2174 656 2239 navensnunr
701 2160 907 2263 principes
952 2162 1153 2263 conjuncti

316 2170 414 2459 P
442 2266 715 2365 psallentibus,
740 2270 780 2346 in
808 2268 943 2349 medio
965 2272 1155 2371 juvencu-

440 2370 568 2453 ldrum
596 2374 1145 2477 tympanistrihrum.1)salm,

318 2486 495 2587 iixdrgat
522 2482 652 2581 Deus,
670 2494 709 2563 et
726 2482 969 2585 dissipentur
1001 2484 1153 2565 inimici

321 2596 409 2693 ejus
430 2622 439 2667 ε
460 2600 500 2671 et
516 2590 672 2693 frigiani
691 2650 701 2689 ,
722 2592 790 2693 qui
813 2590 986 2671 oderunt
1005 2614 1114 2691 eum,
1132 2616 1154 2672 a

315 2701 419 2781 facie
445 2699 544 2803 ejus.
578 2708 614 2783 i.
635 2698 771 2779 Gidria
799 2698 920 2779 Petri.

660 2815 810 2895 Oratio.
925 2828 927 2833 ’

382 2938 475 3009 aus,
502 2913 571 3014 qui
589 2912 693 2993 inter
708 2914 863 2994 ceteros
878 2913 1070 3017 Angelos,
1099 2915 1151 2994 ad

348 3096 353 3103 .
409 3019 729 3101 annuntihndum
760 3020 1048 3101 incernntidnis
1076 3032 1154 3103 tuae

321 3128 573 3231 mysterium,
608 3128 835 3209 Gabrielem
860 3129 1150 3232 Archingeium

317 3235 472 3341 elegisti
493 3236 696 3317 :concede
738 3236 935 3341 propitius
949 3265 960 3329 ;
990 3248 1049 3335 ut,
1085 3238 1154 3341 qui

317 3342 461 3423 festum
497 3346 584 3446 ejus
602 3346 849 3425 oeiehrdmus
880 3346 919 3423 in
949 3348 1077 3443 terris,
1095 3350 1154 3449 ip-

318 3450 403 3531 sius
426 3452 691 3555 patrocinium
719 3454 935 3535 sentiemus
965 3454 1004 3531 in
1028 3454 1151 3535 coeiis.

316 3558 527 3659 Quidvis.

371 3675 510 3754 Postea
526 3679 569 3758 iit
586 3682 915 3764 commemoratio
938 3681 1061 3766 Feriae
1081 3707 1144 3766 oc-

322 3785 530 3864 currentis.

370 3893 507 3978 hdotio
529 3895 706 3976 Danielis
722 3896 1046 3999 Prophdtaehan.
1066 3914 1103 3992 9.

317 4025 323 4030 ·
357 4025 379 4080 u
406 4001 550 4084 diebus
569 4003 647 4086 iliis
668 4035 676 4084 :
696 4005 860 4086 Factum
876 4016 937 4088 est
953 4030 1044 4088 cum
1063 4008 1151 4088 orh-

389 4135 475 4193 rcm
493 4173 503 4210 ,
524 4119 563 4192 et
577 4112 787 4193 confiterer
805 4115 967 4216 pecchta
993 4138 1094 4208 mea,
1112 4125 1151 4196 et

316 4221 480 4320 pecodta
506 4219 646 4322 pdpuii
672 4221 751 4300 mei
771 4221 906 4320 lsrael,
922 4233 961 4302 et
978 4223 1151 4324 proster-

317 4350 454 4409 nerem
480 4351 618 4432 preces
648 4351 756 4410 meas
772 4329 812 4408 in
842 4331 1058 4432 conspectu
1078 4331 1151 4411 hei

319 4439 396 4516 mei
413 4446 634 4540 promonte
648 4447 787 4517 saneto
801 4437 874 4518 Dei
891 4438 989 4516 mei:
1007 4437 1148 4518 Adhuc

318 4567 382 4623 me
400 4543 590 4646 ioqudnte
607 4545 647 4622 in
667 4544 868 4643 oratione,
886 4567 978 4626 ecoe
993 4545 1054 4622 vir
1072 4545 1147 4626 Gh-

316 4651 445 4747 hriel,
483 4675 603 4755 quem
637 4650 817 4734 videram
858 4653 899 4731 in
934 4651 1087 4732 visione
1125 4677 1147 4734 a

314 4759 541 4863 principio,
579 4760 659 4841 cito
684 4761 824 4842 volans
855 4760 982 4864 tetigit
1009 4783 1073 4841 me
1105 4762 1148 4840 in

318 4869 499 4972 tempore
527 4869 715 4950 sacriiioii
745 4869 1050 4972 vespertinum
1079 4869 1150 4951 dd·

1237 982 1310 1066 tas,
1344 988 1384 1059 et
1400 980 1625 1063 adducitur
1642 984 1799 1087 justitia
1816 989 2065 1090 sempiterna

1232 1092 1271 1163 et
1289 1085 1502 1189 impieitur
1519 1091 1632 1189 visio,
1649 1101 1688 1173 et
1702 1095 1928 1195 prophetia,
1943 1102 1983 1175 et
2001 1118 2072 1175 un·

1233 1190 1347 1295 gitur
1372 1206 1533 1278 sanctus
1551 1200 1791 1281 sanctirum.
1814 1200 1925 1281 Scito
1950 1226 2068 1306 ergo,

1233 1310 1273 1381 et
1289 1303 1584 1387 animadverte:
1602 1308 1663 1389 hh
1681 1310 1786 1389 exitu
1806 1310 2002 1391 sermonis
2021 1324 2066 1391 ut

1234 1408 1379 1489 iterum
1405 1414 1625 1496 aediticdtur
1648 1417 1893 1511 Jerusalem,
1935 1442 2064 1523 usque

1235 1516 1286 1597 ad
1313 1518 1513 1601 Christum
1535 1524 1691 1622 ducem,
1709 1524 1990 1606 hebddmades
2008 1551 2069 1606 se·

1236 1635 1366 1726 ptem,
1392 1640 1430 1709 et
1450 1631 1724 1713 hehddmades
1744 1632 1950 1735 sexaginta
1975 1633 2066 1713 dum

1235 1739 1373 1831 erunt,
1401 1748 1441 1817 et
1466 1764 1625 1821 rursum
1651 1741 2067 1845 mdihoibiturpiatdn

1235 1850 1274 1920 et
1307 1846 1411 1921 muri
1445 1846 1485 1923 in
1530 1849 1711 1950 angistie
1746 1850 1986 1951 temporum.
2018 1849 2067 1931 Et

1236 1959 1327 2049 post
1348 1950 1623 2035 hehddmudes
1641 1958 1843 2059 sexaginta
1865 1955 1965 2037 duas
1994 1981 2065 2039 oc·

1238 2056 1394 2137 ciddtur
1410 2062 1591 2143 Christus
1611 2092 1620 2143 z
1640 2066 1689 2145 ut
1706 2088 1786 2144 non
1805 2066 1881 2145 erit
1896 2068 1980 2166 ejus
1998 2075 2069 2169 ph·

1239 2168 1359 2269 pulns
1386 2173 1454 2272 qui
1471 2194 1562 2251 eum
1595 2171 1810 2276 negaturus
1835 2183 1906 2252 esi.
1934 2176 1980 2253 ut
2010 2176 2068 2253 ci·

1236 2276 1410 2374 vilitem,
1426 2288 1466 2358 et
1479 2281 1749 2360 sanctuhrium
1770 2281 1983 2382 dissipibit
2000 2284 2069 2385 pd-

1238 2384 1358 2485 pulus
1372 2410 1464 2465 cum
1483 2388 1585 2468 duce
1598 2388 1788 2470 veutdro:
1809 2390 1857 2468 Et
1876 2390 1966 2469 imis
1980 2392 2066 2491 ejus

1239 2492 1427 2591 vestitas,
1461 2506 1500 2575 et
1526 2504 1617 2598 post
1643 2498 1762 2577 finem
1797 2496 1892 2577 haiti
1920 2500 2066 2578 stahitn

1239 2600 1448 2684 desohitio.
1468 2604 1732 2685 Confirmhhit
1750 2612 1882 2682 autem
1904 2616 2064 2705 pactum

1238 2709 1374 2789 multis
1392 2710 1646 2791 hehdhmnda
1667 2732 1774 2789 una:
1803 2712 1852 2789 Et
1877 2712 1917 2789 in
1949 2711 2067 2791 dimi·

1239 2815 1307 2895 dio
1325 2817 1590 2897 hebdomadis
1616 2817 1776 2897 deliciet
1802 2817 1933 2899 hdstia
1950 2828 1989 2898 et
2005 2842 2067 2897 sa·

1237 2924 1460 3005 orificium:
1479 2928 1525 3005 Et
1544 2926 1620 3005 erit
1638 2926 1679 3003 in
1698 2926 1849 3028 tempto
1863 2926 2070 3005 ahomini·

1236 3032 1293 3113 tio
1319 3033 1580 3115 desotatidnis
1600 3042 1663 3113 :et
1673 3056 1801 3135 usque
1813 3033 1866 3111 ad
1882 3056 2069 3114 consum·

1239 3140 1458 3223 mationem
1487 3143 1674 3223 ethnam
1702 3143 1972 3245 perseuerihit
2002 3143 2070 3221 de-

1238 3248 1395 3329 soihtio.

1281 3366 1491 3449 Graduaie.
1529 3366 1715 3446 Lucet.
1756 3356 1968 3458 ingressus
1992 3358 2070 3435 hu-

1237 3461 1348 3565 gelus
1374 3463 1534 3545 thriel
1567 3462 1619 3542 ad
1657 3461 1812 3543 hehtam
1843 3463 2069 3564 Virginem,

1238 3569 1799 3674 salutdriteamzhue,grdtiu
1821 3571 1956 3675 piena,
1983 3572 2064 3654 ho-

1239 3681 1372 3762 minus
1392 3693 1522 3762 tecum
1547 3711 1556 3760 ε
1576 3681 1786 3760 benedicta
1801 3691 1843 3761 tu
1862 3682 1902 3760 in
1923 3683 2064 3761 muhd-

1237 3788 1407 3892 ribusp.
1452 3789 1552 3888 Quoe
1567 3812 1658 3868 cum
1677 3789 1873 3885 audisset,
1910 3790 2069 3869 turhitn

1238 3906 1298 3978 est
1323 3897 1363 3976 in
1383 3899 1567 3978 sermdne
1586 3899 1672 3998 ejus
1701 3927 1711 3973 ε
1734 3898 1789 3976 Ne
1804 3897 1965 3992 timeus,
1982 3899 2070 3978 hta·

1237 4007 1296 4085 ria
1333 4035 1342 4078 ε
1377 4006 1562 4085 invenisti
1597 4006 1765 4108 gretiam
1792 4005 1901 4110 apud
1927 4007 2068 4086 dei-

1240 4135 1351 4192 num.
1890 4149 1896 4159 ·

1235 4281 1240 4290 .
1279 4234 1457 4314 Tractus.
1478 4221 1636 4316 Gaude,
1661 4221 1787 4300 hieria
1812 4223 1943 4325 Virgo,
1969 4246 2069 4302 cun-

1235 4340 1318 4412 ctas
1344 4332 1516 4410 haereses
1537 4329 1624 4408 sola
1639 4329 1886 4410 interemisti.
1905 4341 1940 4419 i.
1962 4331 2063 4429 Qum

1236 4437 1434 4520 Gabrielis
1471 4437 1717 4538 Archimgeii
1744 4436 1863 4516 dictis
1891 4439 2069 4517 credidi·

1234 4548 1344 4638 sthi.
1378 4547 1484 4625 Dum
1501 4545 1620 4645 Virgo
1648 4545 1776 4622 Deum
1795 4553 1835 4624 et
1860 4546 2065 4639 irdminem

1233 4652 1413 4758 genuisti,
1423 4662 1463 4732 et
1475 4661 1567 4754 post
1578 4653 1853 4755 partumvirgo
1872 4654 2063 4734 invioihta

1236 4759 1509 4864 permansisti.

1273 4883 1368 4960 Post
1399 4878 1581 4973 Pascha,
1600 4875 1760 4958 omissis
1794 4875 1984 4958 Graduali
2018 4885 2058 4956 et

316 4977 399 5068 cuit
427 4997 519 5073 me,
548 4984 588 5055 et
613 4976 770 5058 locutus
795 4987 856 5056 est
871 4975 996 5076 mihi,
1026 4977 1150 5058 dinit-
1226 4988 1385 5082 Tractu,
1408 4986 1586 5066 dicitur:
1610 4973 1811 5072 ttilehiia,
1829 4974 1999 5056 aiiehiia.
2019 4986 2055 5066 i.

320 5105 399 5185 que
426 5083 596 5162 :Diniel
619 5144 629 5181 ,
654 5107 760 5164 nunc
787 5084 968 5190 egressus
987 5109 1076 5165 sum
1106 5097 1150 5166 ut
1231 5085 1403 5190 Angelus
1420 5083 1585 5164 deiui
1612 5084 1810 5164 nuntiavit
1838 5085 1994 5178 hiarioe,
2024 5092 2064 5162 et

316 5187 501 5269 docerem
527 5201 578 5288 ta,
604 5201 645 5273 et
669 5191 922 5297 intelligeres.
951 5195 1011 5275 hb
1029 5195 1146 5276 exdr-
1230 5193 1415 5296 concepit
1440 5191 1490 5270 de
1520 5192 1673 5294 Spiritu
1699 5190 1859 5287 Sancto,
1889 5190 2061 5270 aiieidiu.

316 5295 384 5376 dio
412 5321 576 5400 precum
603 5300 773 5398 tuhrum,
792 5302 973 5402 egressus
992 5313 1144 5384 estser·
1223 5313 1261 5392 i.
1287 5301 1344 5382 Ne
1371 5302 1539 5395 timeas,
1565 5300 1691 5380 Maria
1717 5329 1726 5379 :
1751 5299 1937 5379 invenisti
1975 5300 2062 5400 grh-

316 5425 384 5483 mo
419 5431 427 5480 :
465 5405 545 5508 Ego
577 5415 711 5489 autem
736 5407 827 5488 ueni
855 5417 898 5490 ut
923 5409 1144 5490 indichrem
1230 5411 1326 5491 tium
1346 5406 1454 5510 apud
1471 5406 1710 5506 deinum,
1735 5408 1907 5488 aileidia.

316 5513 402 5612 tihi,
420 5515 515 5617 quia
533 5516 897 5600 virdcsideridrum
925 5542 967 5598 es
988 5549 995 5600 :
1014 5521 1072 5600 'iu
1087 5546 1145 5600 er·
1223 5515 1445 5622 sequentia
1462 5516 1589 5596 sancti
1611 5515 1809 5619 tivangeiii
1838 5513 2059 5596 seodndum

315 5645 365 5725 go
392 5623 663 5705 animadverte
690 5627 936 5722 sermdnem,
968 5637 1007 5707 et
1029 5627 1146 5708 intei-

317 5731 393 5832 iige
419 5730 623 5812 visionem.
641 5734 898 5838 Septuaginta
923 5735 1137 5818 hehddmu-

318 5837 388 5920 des
416 5838 657 5922 abbrevihtm
682 5849 776 5924 suut
805 5865 925 5946 super
951 5842 1142 5946 populum

1479 5622 1681 5718 Lucame,
1704 5638 1733 5710 t,

1272 5758 1293 5814 n
1318 5731 1389 5810 iilo
1409 5730 1589 5834 tempore
1608 5760 1617 5810 :
1634 5732 1779 5812 hiissus
1804 5736 1865 5809 est
1891 5728 2061 5833 Angeias

1290 5840 1450 5922 thriei
1469 5840 1594 5918 aDeo
1609 5839 1649 5918 in
1668 5840 1866 5918 civitatem
1886 5839 2060 5920 Gaiiiaem

317 5955 454 6044 tuum,
480 5959 520 6030 et
536 5973 658 6052 super
670 5951 810 6032 urbem
826 5961 1003 6030 sanctam
1024 5962 1144 6052 tunm,
1231 5948 1295 6030 cui
1313 5971 1460 6030 nomen
1478 5946 1685 6044 Nazareth,
1698 5945 1750 6026 ed
1768 5946 1961 6049 virginem
1992 5945 2060 6028 de·

317 6059 1142 6164 utconsummeturpraevaricstio,etunem
1232 6057 1465 6160 sponsdtam
1482 6059 1590 6154 viro,
1614 6056 1680 6138 cui
1707 6077 1853 6134 nomeu
1879 6063 1964 6134 erat
1994 6053 2062 6134 io·'

318 6164 720 6270 accipiatpeocirtum,
737 6177 776 6250 et
794 6167 972 6249 deicitur
998 6169 1142 6274 iniqui·
1186 6200 1189 6216 ·
1230 6167 1349 6270 seph,
1365 6166 1415 6248 de
1442 6167 1565 6248 domo
1581 6164 1731 6262 Dauid,
1754 6171 1794 6244 et
1811 6185 1956 6282 noman
1977 6163 2058 6240 vir·
