5325 7200
992 840 1560 945 Dominioaiv.postPoscba.
2109 850 2134 926 9

391 992 517 1098 Virgo,
537 996 730 1077 inviolata
757 998 1010 1102 permansisti
1033 1030 1041 1079 :
1062 1000 1135 1080 Dei
1155 998 1218 1105 geb

393 1096 530 1189 nitria,
552 1096 757 1177 intercede
784 1122 858 1200 pro
883 1099 1012 1181 nobis.
1039 1098 1218 1183 Alleluia.

393 1200 599 1303 Sequentia
624 1208 751 1286 sancti
773 1208 974 1313 Evangelii
997 1208 1219 1289 secdndum

672 1323 885 1401 Lucamc.
911 1321 943 1394 l.

388 1432 450 1599 ln
470 1427 541 1506 illo
568 1428 774 1531 tempore;
793 1430 939 1511 llissus
962 1430 1025 1510 est
1049 1431 1220 1533 Angelus

449 1534 612 1619 Gebriel
639 1562 662 1617 a
687 1538 774 1617 Deo
812 1538 852 1615 in
883 1540 1083 1623 civititem
1116 1539 1221 1619 Gali·

391 1638 489 1741 laeae,
516 1648 581 1725 cui
609 1667 755 1726 nomen
779 1645 994 1745 Nezaretb,
1020 1647 1073 1725 ad
1106 1648 1222 1751 virgi-

390 1772 479 1829 nem
520 1754 803 1858 desponsitam
830 1757 939 1853 viro,
976 1756 1041 1833 oni
1075 1776 1222 1834 nomen

389 1868 471 1939 erat
492 1862 671 1967 loseph,
697 1864 747 1942 de
773 1863 897 1945 domo
921 1863 1068 1961 David,
1094 1871 1133 1941 et
1153 1884 1223 1941 no·

388 1986 478 2043 men
497 1969 661 2074 virginis
687 1971 827 2051 llarla.
848 1972 896 2051 Et
923 1972 1127 2075 ingressus
1145 1971 1223 2048 An·

389 2072 498 2172 gelus
536 2078 588 2156 ad
628 2102 745 2173 eam,
774 2078 878 2157 dixit
912 2106 920 2155 :
957 2082 1059 2175 Ave,
1096 2078 1223 2179 gretia

388 2179 536 2281 plena:
562 2186 760 2267 Dominus
793 2195 927 2267 tecum
964 2214 972 2265 :
1010 2185 1223 2267 benedicta

388 2298 429 2365 tu
457 2290 497 2369 in
527 2294 776 2375 mulieribus.
798 2294 898 2393 Quae
918 2318 1008 2375 cum
1030 2292 1221 2391 audisset,

389 2403 547 2482 turbela
574 2404 700 2483 estin
728 2404 915 2483 sermene
947 2406 1057 2505 ejus,
1087 2410 1127 2483 et
1155 2422 1222 2483 co-

389 2508 542 2608 gitlbat
566 2510 697 2613 qualis
715 2518 821 2589 esset
855 2512 929 2589 ista
951 2510 1149 2591 salutetio.
1173 2512 1222 2591 Et

389 2616 444 2695 ait
475 2616 655 2720 Angelus
682 2619 718 2697 ei
740 2647 748 2692 :
772 2618 828 2699 Ne
863 2618 1028 2715 timens,
1060 2618 1218 2699 blavia:

389 2724 576 2805 invenisti
606 2728 713 2805 enim
743 2728 910 2829 gretiam
931 2728 1040 2831 apud
1064 2730 1218 2809 Deum:

389 2855 480 2913 ccce
502 2835 710 2937 concipies
737 2838 776 2915 in
798 2835 927 2933 litero,
954 2846 992 2917 et
1019 2836 1150 2940 peries
1174 2836 1220 2915 ii·

392 2940 512 3039 lium,
536 2951 576 3021 ct
592 2943 756 3023 venibis
784 2966 931 3023 nomen
956 2947 1042 3045 ejus
1069 2946 1216 3025 lesum.

389 3048 464 3127 llic
490 3050 566 3128 erit
589 3072 780 3155 magnus,
807 3060 848 3133 et
875 3052 998 3133 Filius
1026 3052 1218 3131 Altissimi

388 3156 596 3237 nocebitur
610 3188 618 3236 ε
632 3168 673 3237 et
687 3157 801 3238 dabit
820 3160 879 3237 illi
896 3160 1094 3242 Dominus
1110 3160 1218 3239 Deus

388 3264 525 3343 sedem
553 3264 681 3345 David
708 3267 835 3369 patris
864 3271 949 3367 eius
975 3294 983 3343 :
1014 3274 1053 3347 et
1081 3268 1219 3371 regne·

387 3370 512 3451 bitin
541 3370 664 3452 domo
688 3374 817 3455 Jacob
847 3374 887 3453 in
917 3375 1139 3472 aeternum,
1179 3384 1219 3457 et

388 3482 497 3584 regni
517 3482 602 3581 ejus
622 3502 702 3561 non
722 3482 798 3561 erit
821 3482 924 3562 finis.
949 3482 1058 3561 Dixit
1084 3491 1216 3563 autem

387 3588 512 3670 llario
541 3588 595 3668 od
626 3589 819 3692 Angelum
860 3620 868 3670 .
901 3590 1117 3691 Quomodo
1150 3592 1217 3672 liet

388 3697 521 3795 istud,
564 3695 756 3800 queniam
796 3700 926 3778 virum
960 3721 1040 3778 non
1069 3699 1216 3802 cogne-

388 3807 490 3885 soo‘l
517 3805 566 3886 ttt
603 3805 854 3908 respendcns
885 3806 1079 3909 Angelus,
1117 3806 1217 3890 dixit

387 3913 421 3990 ei
452 3943 460 3991 :
488 3909 663 4015 Spiritus
689 3913 859 3994 Sanctus
887 3915 1139 4017 superveniet
1173 3916 1214 3993 in

387 4029 444 4116 te,
483 4031 523 4102 et
561 4022 687 4102 virtus
718 4021 913 4100 Altissimi
955 4021 1215 4104 obumbrebit

386 4130 470 4208 tibi.
493 4128 670 4233 ldeeque
697 4139 736 4210 et
766 4129 878 4232 quod
903 4130 1089 4210 nascetur
1105 4153 1152 4208 ex
1176 4139 1214 4211 te

387 4234 603 4332 Sanctum,
631 4239 841 4319 vocebitur
880 4239 1004 4318 Filius
1040 4239 1126 4318 Dei.
1165 4240 1214 4320 Et

387 4365 477 4422 ecce
508 4343 711 4424 Elisabeth
746 4347 914 4450 cognita
942 4355 1033 4444 tua,
1060 4346 1212 4450 etipsa

387 4449 570 4555 concepit
587 4452 716 4532 filium
749 4454 790 4531 in
822 4453 1025 4534 senectritc
1056 4476 1153 4534 sua:
1173 4459 1212 4534 et

386 4558 451 4638 bic
478 4559 628 4640 mensis
655 4569 788 4641 sextus
815 4571 875 4641 est
901 4561 985 4659 illi,
1025 4583 1115 4666 quaa
1145 4583 1211 4642 vo·

385 4667 497 4748 cetur
529 4666 675 4747 sterilis
699 4696 707 4744 :
727 4670 821 4772 quia
848 4689 928 4748 non
956 4669 1032 4748 erit
1062 4669 1211 4770 impos·

384 4777 502 4855 sibile
536 4775 646 4876 apud
690 4776 820 4858 Deum
868 4798 987 4856 omne
1029 4776 1208 4856 verbum.

384 4883 495 4964 Dixit
512 4893 646 4964 nartem
665 4883 791 4962 llario
809 4911 818 4960 ε
839 4885 940 4964 Ecce
966 4883 1111 4962 ancilla
1131 4883 1210 4964 De·

384 4994 500 5092 mini,
545 4991 614 5071 liat
649 4990 745 5069 mihi
778 4991 998 5073 secvindum
1035 4991 1202 5072 verbum

383 5109 508 5182 tuum.
551 5097 689 5180 (bodo.

440 5209 714 5290 Ollertorium.
751 5203 842 5284 buc.
888 5210 921 5284 l.
951 5205 1037 5306 Ave,
1056 5207 1206 5308 llario,

384 5316 510 5420 gretia
536 5315 654 5418 plena
680 5315 912 5397 :Dominus
948 5323 1110 5396 tecum:
1139 5316 1207 5396 be·

385 5423 545 5504 nedicta
570 5433 614 5504 tu
644 5425 685 5502 in
709 5423 963 5522 mulieribus,
982 5433 1022 5503 et
1048 5424 1210 5504 benedi·

384 5541 471 5612 ctus
502 5532 655 5612 fructus
686 5534 835 5612 ventris
861 5533 930 5614 tui.
964 5531 1145 5614 Alleluia.

718 5641 888 5719 Secreta.

444 5769 507 5842 m,
525 5746 709 5845 Domine,
738 5745 1032 5850 propitiatione,
1060 5755 1100 5828 et
1117 5747 1209 5828 bee-

461 5864 513 5934 tae
547 5855 683 5934 Mariae
715 5877 874 5958 semper
899 5854 1071 5956 Virginis
1089 5855 1209 5933 inter-

380 5961 574 6059 cessione,
592 5962 646 6042 ad
674 5965 931 6065 perpetuam,
958 5971 1078 6064 atque
1103 5985 1207 6065 prae·

381 6068 534 6150 sentem
560 6072 647 6151 haeo
675 6071 825 6152 obletio
865 6071 984 6152 nobis
1018 6072 1209 6175 proficiat

380 6179 1206 6282 prosperitetemetpacem.PerDeminum.

1335 989 1511 1115 'Deinde
1545 990 1592 1073 iit
1624 994 1963 1076 commemoratio
1997 994 2134 1078 Domi-

1303 1120 1420 1179 ntcae.

1356 1206 1540 1290 Praefatio
1567 1207 1617 1289 de
1640 1208 1688 1288 B.
1710 1209 1762 1291 bi.
1791 1210 1838 1285 V.
1860 1210 1912 1290 Et
1929 1218 1967 1291 te
1991 1210 2032 1289 in
2060 1210 2132 1291 Fe·

1304 1318 1488 1403 stivitete.

1358 1422 1613 1505 Communio.
1654 1422 1774 1507 Beeta
1807 1426 1959 1507 viscera
1993 1427 2131 1509 llariae

1304 1535 1499 1639 Virginis,
1517 1559 1607 1639 quae
1634 1535 1892 1639 portaverunt
1908 1534 2046 1616 aeterni
2062 1536 2132 1615 Pa·

1304 1645 1376 1724 tris
1396 1644 1552 1724 Filium.
1571 1642 1751 1724 Alleluia.

1553 1749 1889 1830 postcommunio.

1308 1872 1501 2039 Sournis,
1521 1856 1706 1961 Demine,
1720 1856 1860 1937 solvitis
1875 1863 2021 1937 nostroe
2039 1856 2131 1937 sub⁴
2239 1926 2248 1943 .

1373 1967 1513 2063 sidiis,
1532 1964 1599 2063 da,
1627 1987 1884 2067 quaesumus,
1909 1964 2034 2045 beetae
2050 1965 2131 2043 tta-

1305 2067 1375 2151 riae
1402 2096 1560 2177 semper
1595 2072 1765 2176 Virginis
1791 2071 2025 2173 patrociniis
2053 2092 2128 2151 nos

1305 2179 1456 2285 ubique
1477 2178 1655 2282 protegi,
1685 2180 1725 2257 in
1745 2180 1857 2279 ouJus
1875 2177 2128 2259 veneratibne

1304 2286 1391 2367 lraec
1432 2298 1510 2368 tuac
1547 2284 1767 2367 obuilimus
1800 2286 2010 2386 lllajesteti.
2054 2284 2130 2365 Per

1304 2393 1535 2477 Demiuuro.

1353 2500 1509 2582 Deinde
1541 2502 1707 2581 iitcom.
1745 2500 1991 2595 Dominicae;
2015 2509 2055 2579 et
2086 2503 2126 2578 in

1307 2612 1385 2687 line
1406 2610 1551 2712 legitur
1569 2610 1750 2711 ejusdem
1775 2610 2044 2712 Evangelium.

1305 2761 2118 2779 *emm

1463 2845 1635 2901 notttutct
1652 2847 1706 2901 tv.
1727 2847 1813 2901 POST
1830 2848 1974 2906 riscus.

1426 2938 1468 3019 S.
1488 2935 1800 3019 CATHARINAE
1815 2934 1995 3017 VlDUAE

1618 3070 1818 3127 omoeusts.

1495 3154 1702 3237 introitus
1719 3150 1856 3234 Psolm.
1882 3152 1945 3231 tt.

1387 3288 1506 3345 rrrvrr
1533 3261 1667 3342 enimn
1696 3283 1787 3341 mea
1813 3260 1864 3339 ad
1891 3261 2020 3341 Deum
2051 3260 2132 3343 lor·

1304 3284 1383 3569 S
1405 3384 1512 3468 tem,
1538 3370 1672 3449 vivum
1692 3368 1879 3471 :quando
1897 3366 2071 3467 veniam,
2092 3377 2133 3449 et

1404 3477 1610 3583 apparebo
1638 3486 1729 3557 onte
1761 3475 1903 3555 ficiem
1935 3476 2046 3555 Dei?
2068 3475 2135 3557 Al·

1301 3588 1444 3685 leliria,
1471 3584 1645 3666 alleluiis.
1683 3587 1743 3665 l‘s.
1783 3579 2131 3684 Quemadmodum

1301 3696 1505 3778 desiderat
1527 3717 1669 3775 cervus
1693 3691 1746 3772 ad
1771 3691 1902 3770 fontes
1919 3689 2131 3793 aquenum,

1301 3807 1358 3887 ita
1376 3800 1579 3884 desiderat
1595 3802 1730 3882 Anima
1755 3822 1844 3882 mea
1862 3798 1915 3879 ad
1930 3806 1989 3896 te,
2009 3799 2131 3882 Deus.

1304 3915 1340 4010 l.
1375 3910 1513 3993 Gleria
1538 3910 1657 3991 Patri.

1647 4020 1796 4099 Oratio.

1367 4137 1431 4207 ¹sos
1464 4127 1534 4229 qui
1573 4125 1734 4206 beetam
1771 4120 2051 4221 Camerinam,
2086 4124 2128 4204 in

1304 4155 1695 4335 Deontemplenda
1718 4231 1809 4312 Filii
1839 4232 1898 4309 tui
1925 4231 2130 4334 passiene,

1299 4338 1426 4420 divini
1460 4341 1610 4422 ameris
1642 4341 1733 4442 igne
1769 4339 1934 4442 ilogrere
1977 4339 2131 4418 iecisti:

1299 4471 1557 4550 quaesumu83
1599 4457 1667 4544 ut,
1708 4448 1797 4552 ipsa
1836 4446 2129 4544 intercedente,

1299 4567 1378 4636 tuae
1402 4559 1444 4636 in
1464 4557 1583 4637 nobis
1609 4557 1812 4634 dammam
1842 4553 2047 4634 charititis
2065 4576 2129 4633 ac·

1297 4665 1464 4762 ceorlas,
1485 4675 1526 4746 et
1557 4665 1737 4767 ejusdem
1769 4662 1969 4766 passienis
2003 4660 2128 4763 porti-

1296 4774 1407 4876 cipes
1434 4773 1645 4877 digneuter
1667 4769 1830 4852 efficias.
1849 4771 1925 4849 Per
1941 4767 2125 4853 edmdem

1296 4881 1528 4962 Deminum.

1351 4995 1401 5075 Et
1414 4994 1458 5072 fit
1474 5013 1734 5073 commemor.
1755 4991 1987 5071 Dominicm.

1351 5097 1483 5183 tectio
1502 5097 1596 5178 libri
1614 5095 1840 5201 Sapientia.
1866 5101 1981 5182 Prov.
2005 5107 2067 5178 el.

1390 5231 1528 5288 manau
1541 5207 1686 5287 fortem
1703 5206 1795 5308 quis
1818 5203 2018 5284 inveniet?
2031 5203 2125 5284 Pro·

1390 5315 1478 5414 cul,
1508 5314 1623 5395 etde
1657 5313 1809 5396 viltimis
1844 5311 1994 5392 linibus
2029 5311 2125 5414 pre-

1295 5426 1396 5505 tium
1418 5424 1515 5523 ejus.
1534 5421 1712 5504 Conildit
1728 5421 1768 5498 in
1790 5442 1836 5499 ea
1862 5441 1933 5500 cor
1955 5419 2030 5498 viri
2048 5420 2123 5516 sui,

1295 5539 1336 5612 et
1367 5529 1508 5633 speliis
1535 5552 1618 5610 non
1659 5527 1865 5630 indigebit.
1894 5524 2051 5605 Reddet
2084 5527 2126 5604 ei

1293 5639 1469 5734 bonum,
1487 5646 1526 5717 et
1543 5660 1626 5718 non
1643 5636 1813 5731 molum,
1831 5633 2020 5714 omnibus
2039 5631 2124 5712 die·

1295 5747 1372 5828 bus
1398 5745 1490 5827 vitae
1518 5768 1612 5825 soae.
1632 5743 1826 5842 Quaesivit
1851 5743 1985 5820 lanam
2015 5739 2124 5821 etuti-

1295 5876 1418 5952 num,
1458 5859 1498 5932 et
1528 5852 1692 5956 operito
1730 5857 1792 5930 est
1827 5849 1998 5932 consilio
2039 5848 2123 5926 me·

1296 5984 1421 6042 nuum
1448 5959 1623 6042 suerum.
1646 5960 1766 6038 Facta
1791 5967 1852 6040 est
1869 5957 1984 6061 quasi
2010 5955 2122 6035 navis

1295 6067 1513 6164 institeris,
1548 6068 1600 6147 de
1626 6067 1743 6170 longe
1779 6075 1945 6170 portans
1976 6085 2122 6168 panem

1294 6200 1425 6260 suum.
1460 6175 1510 6255 Et
1536 6176 1587 6256 de
1613 6185 1729 6256 nocte
1771 6175 1960 6274 surrexit,
1992 6171 2122 6252 dedit·
