5325 7200
610 1092 941 1168 postcommunio.
1233 1093 1352 1169 vitem
1367 1092 1507 1170 intrare
1526 1094 1565 1169 in
1581 1119 1740 1194 regnum
1762 1094 1846 1171 Dei.
1871 1098 1921 1172 Et
1933 1094 2035 1171 dixe-

374 1219 657 1383 Warthan
671 1200 827 1274 tuorum
846 1198 972 1299 Cyrici
988 1201 1024 1274 ἃ
1039 1198 1178 1275 Julirtae
1234 1215 1323 1276 runt
1358 1198 1423 1299 qui
1452 1200 1684 1277 audiebant:
1714 1204 1763 1277 Et
1792 1201 1878 1302 quis
1909 1216 2035 1301 potest

374 1249 428 1381 Ι
505 1306 606 1381 festa
629 1305 923 1399 celebrantibus,
941 1304 1089 1407 prosint
1113 1328 1179 1381 no·
1234 1307 1365 1381 salvus
1385 1302 1468 1381 lieri
1477 1304 1495 1382 '2
1520 1307 1584 1383 Ait
1606 1306 1701 1382 illis:
1731 1308 1829 1402 Quae
1855 1302 2032 1407 impossi-

285 1361 297 1532 ΙΙ
375 1410 445 1504 bis,
489 1436 733 1513 quaesumus,
770 1411 951 1506 Domine,
998 1420 1178 1515 percepta
1234 1411 1323 1489 bilia
1355 1428 1442 1489 suut
1480 1412 1584 1513 apud
1611 1412 1803 1506 homines,
1837 1413 2034 1514 possibilia

286 1539 298 1616 l¹
373 1526 642 1594 sacramenta:
672 1522 706 1594 ot
731 1518 878 1596 Sandis
906 1518 996 1611 tuis,
1035 1514 1178 1618 quibus
1234 1534 1323 1594 sunt
1339 1519 1443 1619 apud
1464 1522 1602 1595 Deum.
1627 1518 1690 1597 Ait
1717 1535 1846 1595 autem
1871 1524 2031 1596 Petrus:

286 1649 298 1732 Ι
373 1624 552 1700 conferre
574 1625 749 1725 dignatus
772 1650 814 1700 es
835 1624 874 1701 in
900 1626 1083 1726 passione
1105 1622 1178 1699 uir·
1234 1628 1336 1701 Ecce
1355 1650 1428 1702 nos
1454 1625 1671 1703 dimisimus
1694 1626 1839 1720 omnia,
1861 1632 1895 1702 ot
1913 1626 2033 1702 secuti

286 1713 298 1866 Ι
373 1739 518 1825 tatem3
543 1728 806 1808 intercedendi
824 1754 896 1832 pro
917 1732 1031 1809 nobis
1046 1733 1177 1809 *tribue
1233 1752 1369 1807 sumus
1393 1746 1441 1807 te.
1470 1728 1550 1826 Qui
1576 1730 1670 1808 dixit
1689 1730 1765 1807 eis:
1790 1736 1916 1807 Amen
1944 1731 2033 1808 dico

287 1869 291 1934 l
372 1836 610 1914 facultatem.
646 1838 720 1914 Per
755 1838 967 1914 Dominum
1000 1850 1176 1915 nostrum
1233 1837 1359 1931 vobis,
1383 1862 1498 1913 nemo
1522 1852 1580 1913 est
1598 1834 1664 1937 qui
1689 1836 1838 1938 reliquit
1853 1837 2031 1932 domum,

287 1927 299 2030 Ι
373 1946 507 2019 lesum
521 1944 732 2020 Christum.
1233 1956 1299 2020 aut
1310 1950 1500 2044 parentes,
1517 1956 1583 2017 aut
1597 1943 1747 2036 fratrea,
1769 1958 1837 2019 aut
1853 1950 2030 2037 uxorem,

288 2033 299 2070 ’¹
375 2052 1179 2151 Q
1232 2067 1299 2126 aut
1311 2048 1426 2142 filios,
1441 2064 1599 2149 propter
1613 2072 1773 2147 regnum
1793 2048 1879 2141 Dei,
1902 2054 2033 2126 &non

288 2207 292 2244 Ι
669 2137 748 2201 ΝΕ
769 2138 884 2203 XVH·
1233 2154 1391 2255 recipiat
1407 2156 1530 2230 multo
1549 2154 1659 2254 plura
1682 2152 1722 2229 in
1744 2155 1820 2229 hoc
1842 2161 2030 2255 tempore,

324 2215 328 2474 Ι
686 2261 722 2307 'N
749 2264 865 2311 ΡΜ)
1231 2270 1266 2341 &
1288 2264 1328 2339 in
1349 2264 1491 2340 saeculo
1511 2270 1675 2339 venturo
1692 2262 1812 2340 vitam
1831 2268 2027 2343 aeternam.

581 2360 794 2436 SANCTl
821 2361 979 2437 Avl‘rl
1541 2378 1705 2451 Secreta.

296 2469 300 2520 l
323 2477 329 2588 Ι
691 2495 858 2542 namus.
1321 2476 1448 2571 ruris,
1470 2474 1650 2569 Domine,
1675 2474 1786 2575 digne
1801 2476 2033 2555 famulemur

419 2582 548 2654 Missa
583 2576 640 2656 Os
666 2582 767 2681 justi.
790 2585 837 2657 de
867 2586 1075 2659 Communi
1103 2610 1172 2683 pro
1347 2583 1545 2673 altaribus,
1558 2583 1879 2659 omnemanobis
1891 2592 2032 2661 amove

296 2701 300 2736 ¹
374 2690 602 2761 abbatibus.
620 2710 660 2788 p.
676 2686 752 2765 xix.
1234 2714 1364 2766 rerum
1408 2696 1647 2765 terrenarum
1686 2688 1955 2789 cupiditatem3
1997 2696 2032 2767 ἃ

420 2795 681 2868 Orationes&
705 2797 888 2893 Evaugcl.
913 2814 956 2872 ut
975 2797 1082 2873 iufra.
1231 2796 1332 2872 beati
1353 2794 1457 2873 Aviti
1480 2796 1540 2870 lac
1560 2794 1756 2870 imitemur
1780 2798 1971 2896 exempla,
1993 2796 2033 2873 in

698 2904 847 2977 Oratio.
1230 2906 1341 3002 cujus
1363 2904 1513 2978 honore
1538 2898 1637 2977 hanc
1653 2901 1944 2977 immaculatam
1959 2904 2031 2978 ho-

288 3041 293 3088 ι
458 3029 549 3099 am,
565 3004 630 3106 qui
642 3008 775 3084 omnia
789 3034 861 3109 pro
877 3011 920 3110 tej
930 3010 1173 3111 relinquenti·
1231 3009 1343 3086 stiam
1356 3024 1431 3085 tuae
1443 3006 1641 3083 offerimus
1656 3008 1857 3107 majestati.
1873 3011 1946 3087 Per
1957 3012 2032 3085 Do·

289 3093 294 3290 Ι
486 3113 573 3204 bus,
599 3112 638 3187 in
667 3116 744 3191 hoc
770 3118 913 3193 saeculo
936 3119 1172 3218 centuplum,
1230 3114 1380 3191 minum
1404 3105 1577 3190 nostrum
1600 3114 1734 3190 Jesum
1756 3112 1951 3189 Christum
1973 3116 2032 3193 Fi·

372 3216 456 3293 &in
468 3218 600 3294 hrtaro
613 3218 733 3295 vitam
747 3230 931 3298 aeternam
943 3224 1171 3324 promisisti:
1231 3221 1325 3297 lium
1340 3236 1476 3297 tuum:
1501 3219 1580 3315 Qui
1606 3235 1734 3295 tecum
1747 3219 2032 3320 vivitetregnat

372 3323 547 3399 concede
588 3325 792 3425 propitius;
830 3344 873 3404 ut
910 3330 1031 3407 saneli
1072 3329 1176 3406 Aviti
1230 3326 1428 3403 inunitate
1448 3327 1623 3425 Spiritus.

290 3449 301 3520 Ι·
372 3428 536 3506 abbatis
554 3430 720 3531 vestigiis
743 3432 984 3530 inhaerentes,
1008 3437 1174 3537 peritura
1465 3436 1790 3511 l'ostcommunio.
2116 3519 2119 3532 ,

298 3527 301 3562 ²
373 3546 685 3632 contemnamus,
720 3543 754 3615 ἃ
787 3540 838 3617 ad
874 3542 958 3619 sola
992 3552 1175 3621 mansura
1319 3561 1405 3632 am,
1443 3540 1552 3639 cujus
1584 3537 1704 3638 gratia
1728 3538 1863 3615 beatus
1891 3540 2030 3616 Avitus

291 3549 302 3737 ΙΙ
372 3643 626 3744 suspiremus.
646 3649 720 3722 Per
729 3649 959 3727 Dominum.
1228 3562 1307 3728 D
1337 3649 1470 3722 Abbas
1484 3653 1635 3722 terrena
1649 3641 1877 3744 despiciens,
1894 3644 2030 3741 ,ineffa-

291 3754 296 3863 Ι
371 3753 420 3850 *1⁴
442 3749 651 3850 Sequentia
672 3753 792 3831 sanat
818 3755 1019 3856 Evangelii
1042 3765 1175 3836 secun·
1231 3752 1372 3829 bilibus
1396 3751 1535 3828 meruit
1552 3750 1659 3851 pasci
1683 3751 1850 3828 deliciis:
1874 3769 2026 3853 praesta,

544 3857 638 3934 dum
654 3861 815 3936 Lucam.
837 3863 931 3936 Luc.
957 3864 1010 3937 18.
1230 3880 1454 3960 quaesumus
1462 3887 1472 3954 3
1497 3875 1541 3935 ut
1566 3858 1797 3934 sacramenti
1821 3855 1875 3934 tui
1900 3859 2028 3936 suavi-

422 3991 446 4038 Ν
463 3963 531 4039 illo
550 3971 745 4065 tempore:
770 3969 1019 4068 Interrogavit
1040 3973 1173 4050 lesum
1230 3975 1305 4040 tate
1329 3965 1502 4059 mercati,
1528 3987 1614 4066 quae
1643 3985 1798 4041 Sursum
1825 3981 1927 4060 sunt,
1950 3987 2029 4043 110ss

298 4048 303 4141 l
374 3988 415 4153 Ι
447 4069 609 4168 quidam
636 4073 834 4174 princeps,
858 4075 991 4153 dicens
1018 4105 1026 4154 :
1056 4081 1175 4178 Magi·
1230 4093 1317 4173 quae
1333 4087 1613 4173 superterram,
1632 4071 1841 4170 sapiamus.
1866 4075 2029 4150 PerDo-

300 4254 303 4267 ,
373 4193 451 4252 ster
465 4179 582 4270 bone,
595 4177 688 4277 quid
701 4177 845 4257 laciens
857 4183 979 4259 vitam
991 4195 1174 4263 aeternam
1230 4179 1380 4256 minum
1396 4193 1571 4255 nostrum
1592 4181 1726 4254 lesum
1751 4178 1946 4256 Christum
1968 4182 2030 4256 Fi·

299 4270 303 4359 l
372 4281 615 4382 possidebo?
660 4284 763 4361 Dixit
800 4305 932 4364 autern
963 4291 998 4365 ei
1037 4296 1171 4369 Jesus:
1230 4286 1326 4361 lium
1339 4301 1473 4360 tuum:
1500 4283 1578 4379 Qui
1594 4299 1721 4360 tecum
1735 4282 1829 4360 vivit
1850 4287 1883 4360 δι
1901 4303 2032 4384 regnat

299 4386 303 4443 t
374 4387 481 4484 Quid
500 4413 565 4462 me
585 4388 680 4465 dicis
700 4393 877 4470 bonum?
894 4420 1012 4472 nemo
1032 4400 1171 4492 bonus,
1230 4391 1270 4468 in
1283 4392 1429 4468 unitate
1442 4390 1618 4492 Spiritus.

372 4494 447 4568 nisi
460 4496 569 4570 solus
584 4498 700 4574 Deus.
724 4499 913 4577 Mandata
932 4503 1057 4580 nosti:
1082 4507 1175 4582 Non

372 4599 531 4676 occides
539 4629 551 4694 ;
570 4600 662 4678 Non
681 4607 958 4703 moechaberis3
978 4611 1071 4687 Non
1095 4612 1174 4688 lur-
1543 4583 1621 4648 DIE
1643 4581 1722 4649 XX·

373 4724 457 4782 turn
480 4707 598 4783 facies
609 4737 620 4803 ς
637 4711 729 4786 Non
753 4713 892 4790 falsum
913 4715 1175 4794 testimonium
1536 4711 1567 4754 ¹⁸
1599 4709 1716 4756 ¹⁵¹³ST⁰

373 4814 481 4888 dices
493 4841 505 4906 3
533 4817 696 4892 Honora
722 4835 872 4919 patrem
901 4837 1011 4898 tuum
1038 4831 1074 4902 ἃ
1097 4851 1176 4902 ma.
1278 4809 1346 4885 SS.
1372 4807 1614 4884 GERVASll
1637 4808 1708 4882 ET
1735 4806 1976 4883 PROTASll

373 4937 486 4996 trem.
507 4921 587 5015 Qui
606 4921 682 4999 ait:
709 4927 804 5002 Haec
831 4929 964 5005 omnia
984 4932 1175 5008 custodivi
1514 4937 1737 4986 umrrnnn.

372 5053 396 5102 a
420 5030 616 5126 juventate
636 5053 737 5107 mea.
764 5035 857 5129 Quo
885 5037 1033 5131 audito,
1062 5039 1175 5115 Jesus
1272 5028 1392 5102 Missa
1422 5043 1462 5102 ut
1490 5026 1527 5100 in
1552 5026 1713 5118 Missali,
1740 5028 1789 5103 ad
1816 5027 1919 5104 diem
1949 5055 2023 5104 xrs.

372 5133 428 5208 ait
452 5132 508 5208 ei:
533 5134 673 5211 Adhuc
698 5163 822 5214 unum
851 5140 919 5220 tibi
938 5143 1064 5219 deest:
1096 5147 1175 5222 om·
1222 5135 1335 5232 hujus
1360 5134 1516 5208 mensis·
1541 5155 1579 5235 p·
1600 5135 1685 5235 387·

373 5239 440 5314 nia
467 5249 723 5342 quaecamque
746 5246 867 5321 habes
892 5249 1030 5342 vende,
1059 5255 1093 5327 &
1124 5250 1174 5327 da
1275 5243 1323 5315 Et
1340 5241 1384 5316 fit
1397 5243 1615 5316 Commem.
1639 5244 1676 5317 S.
1702 5241 1848 5317 Silverii
1867 5246 2026 5343 Papae&

299 5346 304 5445 Ι
373 5347 624 5446 pauperibus,
647 5355 682 5425 ἅ
705 5351 866 5428 habebis
889 5355 1113 5432 thesaurum
1135 5357 1175 5434 in
1225 5349 1340 5422 Marl-
1358 5363 1400 5422 ut
1417 5349 1456 5423 in
1473 5349 1633 5424 Missali·
1651 5375 1690 5450 p·
1707 5351 1792 5450 387·

294 5448 304 5555 Ι
372 5454 495 5528 coelo:
513 5457 548 5528 a
560 5456 663 5550 veni,
681 5465 840 5558 sequere
858 5485 933 5536 me.
948 5462 1021 5538 His
1033 5463 1094 5538 ille
1111 5489 1177 5540 au·

300 5558 304 5629 ἷ
372 5558 476 5651 ditis,
497 5559 743 5638 contristatus
766 5579 835 5660 est,
852 5565 944 5666 quia
968 5568 1077 5645 dives
1095 5585 1177 5647 erat
1513 5547 1590 5611 ΜΕ
1617 5545 1750 5608 'lxlx-

372 5663 501 5739 valde.
544 5665 690 5744 Videns
735 5687 865 5748 autem
903 5675 1017 5750 Jesus
1067 5675 1174 5752 illum
1315 5671 1351 5718 ΙΝ
1380 5668 1497 5720 FESTO
1526 5670 1578 5718 35·
1609 5669 1712 5720 naam
1735 5671 1781 5719 ΕΤ
1807 5671 1934 5721 ΡΑΗΜ·

372 5769 522 5846 tristem
541 5772 700 5868 laetum,
716 5777 831 5853 dixit:
857 5780 989 5874 Quam
1004 5780 1173 5877 difficile,
1439 5765 1823 5835 COMMEMORATIO

300 5862 304 5953 Ι
372 5875 439 5975 qui
460 5878 648 5977 pecumae
674 5880 832 5978 habent,
853 5885 893 5960 in
918 5911 1078 5986 regnum
1105 5891 1175 5967 uei
1280 5879 1416 5955 ΟΜΝ·
1459 5877 1524 5954 SS·
1566 5869 1978 5952 APOSTOLORUM·

300 5962 304 6105 Ι
371 5981 593 6060 intrabunt!
611 5985 777 6065 Facilius
791 6007 849 6067 est
862 5991 966 6068 enirn
981 5997 1175 6074 camelum
1277 5990 1483 6066 Orationes
1503 5990 1603 6066 utin
1628 5991 1902 6091 Supplemento
1918 6017 2029 6091 gene-

301 6114 304 6165 r
372 6112 443 6188 per
459 6090 639 6166 foramen
660 6117 753 6170 acus
775 6105 951 6192 transire,
978 6125 1096 6201 quam
1123 6102 1175 6180 di·
1226 6097 1310 6172 rali-
1333 6129 1372 6204 p.
1391 6101 1512 6201 cxxxi.
