5325 7200
758 1313 1105 1453 MISSAE
1184 1333 1667 1481 VOTIVAE

1834 1795 1856 1804 .-
1962 1782 2024 1794 —

613 2021 750 2088 MISSA
771 2027 948 2096 VoTlvA
1233 2059 1407 2153 ceptione
1425 2065 1548 2144 beatae
1567 2071 1748 2175 Virginis
1756 2082 1920 2173 Mariae,
1934 2087 2032 2189 iegi-

499 2118 572 2194 DE
598 2122 664 2197 SS-
696 2126 1071 2211 SACRAMENTO·
1232 2169 1297 2234 tur
1317 2167 1376 2240 M
1375 2168 1449 2244 issa
1469 2175 1600 2251 uotiua
1621 2180 1668 2254 de
1687 2185 1820 2260 eadem
1838 2191 2030 2268 Immacu-

333 2224 336 2281 Ι
425 2231 870 2338 QuandoFeriaquinta
882 2249 1087 2325 recitatum
1087 2256 1185 2349 suit'
1231 2263 1311 2342 lata
1350 2275 1621 2375 conceptione,
1662 2299 1704 2362 ut
1737 2290 1777 2364 in
1812 2292 1876 2369 die
1916 2300 2029 2374 Festi

301 2398 303 2417 ,
333 2424 336 2437 Ι
379 2335 558 2435 Officium
577 2342 626 2416 de
639 2345 893 2426 Sanctissimo
906 2356 1170 2454 Sacramenta,
1229 2371 1363 2451 8Dec.
1380 2403 1419 2478 p.
1436 2383 1521 2482 317.
1537 2387 1700 2466 Dicitur
1713 2395 1841 2474 Gloria
1852 2398 1892 2475 in
1909 2407 2028 2480 excel·

300 2450 336 2543 ,ς
378 2441 527 2543 tegitur
581 2450 711 2524 Missa
756 2457 888 2533 uotiua
939 2463 986 2536 de
1039 2465 1172 2542 eodem
1228 2475 1290 2551 sis.
1306 2483 1484 2561 Secunda
1503 2491 1858 2598 OratiodeSpiritu
1869 2510 2024 2599 Sancto,
2106 2539 2108 2546 ’

299 2554 336 2591 ·“
375 2551 626 2630 δαηᾶῐεςίηιο
655 2560 907 2640 Sacramento
936 2579 978 2641 ut
1014 2584 1173 2648 notatur
1227 2586 1345 2661 tertia
1409 2593 1590 2674 Ecclesiae
1641 2617 1730 2698 tuae‚
1786 2634 2021 2707 quaesumus.

298 2666 301 2691 ¹
377 2655 413 2729 in
454 2661 623 2736 Missali
672 2663 773 2741 inter
815 2671 966 2748 Missas
1004 2680 1166 2757 votivas.
1224 2690 1286 2764 uel
1317 2694 1423 2772 Deus
1454 2702 1629 2781 omnium
1664 2709 1837 2791 fidelium
1872 2721 2020 2798 Pastor.
2103 2553 2109 2800 i

329 2774 332 2865 ζ
375 2765 754 2863 Ονηίηίῑηνῖῦίότία
796 2774 836 2850 in
880 2781 1050 2857 excelsis.
1101 2789 1168 2862 Se·
1222 2795 1268 2869 Si
1290 2816 1469 2878 occurrat
1494 2809 1626 2885 eodem
1657 2815 1722 2890 die
1752 2821 1912 2899 Festum
1935 2827 2025 2904 sim-

303 2910 306 2949 :
373 2872 495 2947 cunda
523 2875 558 2949 O
589 2878 705 2952 tertia
734 2881 875 2958 Oratio
906 2886 954 2960 de
982 2901 1165 2989 tempore,
1215 2901 1325 2998 plex,
1362 2913 1527 2987 secunda
1555 2918 1695 2995 Oratio
1727 2925 1775 3000 de
1808 2951 1866 3022 eo,
1906 2935 2022 3010 tertia

303 2990 330 3091 ῑΙ
365 2993 485 3073 prout
505 2981 546 3053 in
572 2985 902 3084 semiduplicibus.
920 2993 967 3067 Si
986 3011 1168 3074 occurrat
1222 3006 1270 3079 de
1315 3011 1466 3108 Spiritu
1515 3022 1668 3100 sanna.
1723 3029 1816 3106 Non
1875 3035 2022 3113 dicitur

302 3130 329 3173 ι,
370 3086 501 3161 eodem
524 3087 592 3162 die
613 3090 773 3166 Festum
795 3095 976 3193 simplex,
998 3105 1166 3178 secunda
1222 3113 1363 3192 Credo.
1401 3121 1597 3219 Praefatio
1621 3130 1669 3204 de
1701 3135 1827 3211 Beata
1851 3142 2021 3218 Maria:

301 3180 329 3199 ''
370 3192 510 3268 Oratio
536 3194 586 3268 de
609 3219 667 3288 ea,
693 3200 808 3274 tertia
833 3203 974 3279 Oratio
997 3209 1045 3281 de
1069 3220 1163 3285 tem·
1221 3221 1271 3295 Et
1300 3235 1335 3295 te
1376 3223 1416 3298 in
1453 3227 1717 3332 conceptione
1752 3243 2018 3326 Immaculata.

292 3316 294 3345 ¹
361 3325 469 3399 pore.
495 3299 592 3376 Non
620 3303 767 3379 dicitur
793 3308 934 3384 Credo.
962 3315 1163 3413 Praesatio
1218 3325 1339 3402 etiam
1354 3331 1391 3404 T
1386 3355 1540 3430 empore
1554 3341 1883 3427 Paschali.--Ite
1898 3353 2019 3432 Missa

291 3418 293 3441 ¹
367 3408 469 3482 utin
490 3408 719 3485 Natiuitate
741 3413 922 3491 Domini.
937 3461 986 3472 -
999 3421 1163 3496 Benedi·
1218 3446 1288 3507 est.

289 3486 293 3579 ἶ
366 3521 499 3588 carnus
524 3515 708 3592 Domino.
1218 3565 2004 3611 Ἣ

368 3638 1163 3665 Ἡ

288 3719 299 3798 ΙΙ
598 3705 734 3770 MISSA
755 3708 932 3774 VOTIVA
1551 3668 1684 3738 MISSA

288 3811 291 3894 ἔ
410 3820 480 3895 DE
508 3821 699 3898 IMMAC.
723 3826 1101 3907 CONCEPTIONE
1578 3820 1648 3872 PRO

295 3907 299 3978 3
320 3951 323 3984 ¹
514 3952 650 4003 num
670 3953 833 4007 vsuonus
861 3958 1000 4011 unum.
1318 3926 1350 4001 F
1352 3929 1456 4007 IDEl
1479 3933 1905 4028 PROPAGAT10NE,

295 4041 298 4052 '
408 4051 577 4136 Quando
590 4053 757 4130 Sabbata
773 4055 978 4133 recitatum
977 4058 1067 4157 fuit
1077 4060 1163 4160 Offi·
1267 4070 1320 4145 Ut
1331 4092 1448 4171 supra
1465 4077 1505 4153 in
1526 4082 1796 4181 supplemento
1815 4098 2009 4197 generali.

287 4145 297 4270 ’Ξ
361 4157 462 4232 cium
499 4159 675 4237 uotiuum
702 4163 750 4237 de
776 4166 1037 4242 Immaculata
1062 4172 1161 4245 Con·
1213 4197 1252 4271 p.
1269 4176 1395 4277 clxxij.
