<?xml version="1.0" encoding="UTF-8"?>
<!DOCTYPE html PUBLIC "-//W3C//DTD XHTML 1.0 Transitional//EN"
    "http://www.w3.org/TR/xhtml1/DTD/xhtml1-transitional.dtd">
<html xmlns="http://www.w3.org/1999/xhtml" xml:lang="en" lang="en">
 <head>
  <title>
</title>
<meta http-equiv="Content-Type" content="text/html;charset=utf-8" />
  <meta name='ocr-system' content='tesseract 3.04.00' />
  <meta name='ocr-capabilities' content='ocr_page ocr_carea ocr_par ocr_line ocrx_word'/>
</head>
<body>
  <div class='ocr_page' id='page_1' title='image "./officiapropriad00churgoog_0576.png"; bbox 0 0 5325 7200; ppageno 0'>
   <div class='ocr_carea' id='block_1_1' title="bbox 521 767 1851 882">
    <p class='ocr_par' dir='ltr' id='par_1_1' title="bbox 521 767 1851 882">
     <span class='ocr_line' id='line_1_1' title="bbox 521 767 1851 882; baseline -0.011 -27"><span class='ocrx_word' id='word_1_1' title='bbox 521 795 584 882; x_wconf 68' lang='lat'><strong>24</strong></span> <span class='ocrx_word' id='word_1_2' title='bbox 941 775 1012 854; x_wconf 88' lang='lat' dir='ltr'><strong>Dic</strong></span> <span class='ocrx_word' id='word_1_3' title='bbox 1031 773 1132 852; x_wconf 76' lang='lat' dir='ltr'><strong>xxix.</strong></span> <span class='ocrx_word' id='word_1_4' title='bbox 1156 771 1332 876; x_wconf 79' lang='lat' dir='ltr'><strong>Augusti,</strong></span> <span class='ocrx_word' id='word_1_5' title='bbox 1351 779 1390 850; x_wconf 93' lang='lat' dir='ltr'><strong>et</strong></span> <span class='ocrx_word' id='word_1_6' title='bbox 1403 772 1432 870; x_wconf 92' lang='lat' dir='ltr'><strong>j.</strong></span> <span class='ocrx_word' id='word_1_7' title='bbox 1455 773 1495 872; x_wconf 85' lang='lat' dir='ltr'><strong>ij.</strong></span> <span class='ocrx_word' id='word_1_8' title='bbox 1518 771 1575 870; x_wconf 86' lang='lat' dir='ltr'><strong>iij.</strong></span> <span class='ocrx_word' id='word_1_9' title='bbox 1592 767 1851 871; x_wconf 78' lang='lat' dir='ltr'><strong>Septembris.</strong></span> 
     </span>
    </p>
   </div>
   <div class='ocr_carea' id='block_1_2' title="bbox 529 950 1355 1070">
    <p class='ocr_par' dir='ltr' id='par_1_2' title="bbox 529 950 1355 1070">
     <span class='ocr_line' id='line_1_2' title="bbox 529 950 1355 1070; baseline -0.024 -22"><span class='ocrx_word' id='word_1_10' title='bbox 529 965 693 1070; x_wconf 70' lang='lat' dir='ltr'><strong>praemia</strong></span> <span class='ocrx_word' id='word_1_11' title='bbox 708 961 913 1065; x_wconf 87' lang='lat' dir='ltr'><strong>perveulre</strong></span> <span class='ocrx_word' id='word_1_12' title='bbox 935 955 1147 1038; x_wconf 83' lang='lat' dir='ltr'><strong>ralelmus.</strong></span> <span class='ocrx_word' id='word_1_13' title='bbox 1163 951 1242 1052; x_wconf 85' lang='lat' dir='ltr'><strong>Qui</strong></span> <span class='ocrx_word' id='word_1_14' title='bbox 1256 950 1355 1030; x_wconf 82' lang='lat' dir='ltr'><strong>viris</strong></span> 
     </span>
    </p>
   </div>
   <div class='ocr_carea' id='block_1_3' title="bbox 528 1077 1361 1262">
    <p class='ocr_par' dir='ltr' id='par_1_3' title="bbox 528 1077 1361 1262">
     <span class='ocr_line' id='line_1_3' title="bbox 528 1077 736 1167; baseline -0.038 -19"><span class='ocrx_word' id='word_1_15' title='bbox 528 1077 569 1148; x_wconf 89' lang='lat' dir='ltr'><strong>et</strong></span> <span class='ocrx_word' id='word_1_16' title='bbox 585 1087 736 1167; x_wconf 82' lang='lat' dir='ltr'><strong>regnas.</strong></span> 
     </span>
     <span class='ocr_line' id='line_1_4' title="bbox 583 1160 1361 1262; baseline -0.013 -18"><span class='ocrx_word' id='word_1_17' title='bbox 583 1170 630 1246; x_wconf 86' lang='lat' dir='ltr'><strong>Et</strong></span> <span class='ocrx_word' id='word_1_18' title='bbox 662 1168 705 1244; x_wconf 89' lang='lat' dir='ltr'><strong>lit</strong></span> <span class='ocrx_word' id='word_1_19' title='bbox 731 1187 835 1244; x_wconf 89' lang='lat' dir='ltr'><strong>com.</strong></span> <span class='ocrx_word' id='word_1_20' title='bbox 866 1163 904 1240; x_wconf 83' lang='lat' dir='ltr'><strong>S.</strong></span> <span class='ocrx_word' id='word_1_21' title='bbox 935 1161 1150 1262; x_wconf 75' lang='lat' dir='ltr'><strong>Zepliyrini</strong></span> <span class='ocrx_word' id='word_1_22' title='bbox 1179 1160 1294 1260; x_wconf 76' lang='lat' dir='ltr'><strong>napa</strong></span> <span class='ocrx_word' id='word_1_23' title='bbox 1321 1164 1361 1234; x_wconf 90' lang='lat' dir='ltr'><strong>et</strong></span> 
     </span>
    </p>
   </div>
   <div class='ocr_carea' id='block_1_4' title="bbox 523 1271 1358 2438">
    <p class='ocr_par' dir='ltr' id='par_1_4' title="bbox 523 1271 1358 2438">
     <span class='ocr_line' id='line_1_5' title="bbox 532 1271 957 1372; baseline -0.014 -20"><span class='ocrx_word' id='word_1_24' title='bbox 532 1279 654 1372; x_wconf 81' lang='lat' dir='ltr'><strong>llart,</strong></span> <span class='ocrx_word' id='word_1_25' title='bbox 674 1285 717 1354; x_wconf 89' lang='lat' dir='ltr'><strong>nt</strong></span> <span class='ocrx_word' id='word_1_26' title='bbox 737 1277 776 1352; x_wconf 89' lang='lat' dir='ltr'><strong>in</strong></span> <span class='ocrx_word' id='word_1_27' title='bbox 797 1271 957 1350; x_wconf 82' lang='lat' dir='ltr'><strong>blissali.</strong></span> 
     </span>
     <span class='ocr_line' id='line_1_6' title="bbox 582 1375 1356 1486; baseline -0.014 -26"><span class='ocrx_word' id='word_1_28' title='bbox 582 1387 726 1486; x_wconf 76' lang='lat' dir='ltr'><strong>Erang.</strong></span> <span class='ocrx_word' id='word_1_29' title='bbox 751 1383 877 1468; x_wconf 80' lang='lat' dir='ltr'>Nolite</span> <span class='ocrx_word' id='word_1_30' title='bbox 906 1389 1042 1467; x_wconf 87' lang='lat' dir='ltr'><strong>timere</strong></span> <span class='ocrx_word' id='word_1_31' title='bbox 1068 1403 1114 1457; x_wconf 82' lang='lat' dir='ltr'><strong>ex</strong></span> <span class='ocrx_word' id='word_1_32' title='bbox 1150 1377 1269 1454; x_wconf 86' lang='lat' dir='ltr'><strong>otissa</strong></span> <span class='ocrx_word' id='word_1_33' title='bbox 1293 1375 1356 1459; x_wconf 87' lang='lat' dir='ltr'><strong>lu-</strong></span> 
     </span>
     <span class='ocr_line' id='line_1_7' title="bbox 527 1492 1347 1597; baseline -0.016 -26"><span class='ocrx_word' id='word_1_34' title='bbox 527 1495 683 1597; x_wconf 77' lang='lat' dir='ltr'><strong>stus,de</strong></span> <span class='ocrx_word' id='word_1_35' title='bbox 703 1493 844 1573; x_wconf 88' lang='lat' dir='ltr'><strong>eodem</strong></span> <span class='ocrx_word' id='word_1_36' title='bbox 866 1492 1017 1570; x_wconf 87' lang='lat' dir='ltr'><strong>Oomm.</strong></span> <span class='ocrx_word' id='word_1_37' title='bbox 1322 1529 1347 1594; x_wconf 33' lang='grc'><strong>,-</strong></span> 
     </span>
     <span class='ocr_line' id='line_1_8' title="bbox 813 1691 1041 1746; baseline -0.022 -1"><span class='ocrx_word' id='word_1_38' title='bbox 813 1732 817 1738; x_wconf 96' lang='grc'><em>.</em></span> <span class='ocrx_word' id='word_1_39' title='bbox 850 1694 909 1746; x_wconf 85' lang='lat' dir='ltr'><strong>ura</strong></span> <span class='ocrx_word' id='word_1_40' title='bbox 936 1691 1041 1743; x_wconf 77' lang='lat' dir='ltr'><strong>nrm.</strong></span> 
     </span>
     <span class='ocr_line' id='line_1_9' title="bbox 555 1781 1329 1874; baseline -0.018 1"><span class='ocrx_word' id='word_1_41' title='bbox 555 1793 605 1874; x_wconf 87' lang='grc' dir='ltr'><strong>ΙΝ</strong></span> <span class='ocrx_word' id='word_1_42' title='bbox 627 1787 1029 1874; x_wconf 81' lang='lat' dir='ltr'><strong>DECOLLATlONE</strong></span> <span class='ocrx_word' id='word_1_43' title='bbox 1055 1787 1094 1868; x_wconf 87' lang='lat' dir='ltr'><strong>S.</strong></span> <span class='ocrx_word' id='word_1_44' title='bbox 1112 1781 1329 1866; x_wconf 74' lang='lat' dir='ltr'><strong>loannis</strong></span> 
     </span>
     <span class='ocr_line' id='line_1_10' title="bbox 807 1897 1079 1980; baseline -0.026 -2"><span class='ocrx_word' id='word_1_45' title='bbox 807 1897 1079 1980; x_wconf 77' lang='lat' dir='ltr'><strong>BAP&#39;llSTAE.</strong></span> 
     </span>
     <span class='ocr_line' id='line_1_11' title="bbox 581 2003 1010 2086; baseline -0.019 -1"><span class='ocrx_word' id='word_1_46' title='bbox 581 2009 700 2086; x_wconf 84' lang='lat' dir='ltr'><strong>blissa</strong></span> <span class='ocrx_word' id='word_1_47' title='bbox 720 2017 762 2086; x_wconf 88' lang='lat' dir='ltr'><strong>ut</strong></span> <span class='ocrx_word' id='word_1_48' title='bbox 784 2010 821 2084; x_wconf 84' lang='lat' dir='ltr'><strong>in</strong></span> <span class='ocrx_word' id='word_1_49' title='bbox 845 2003 1010 2084; x_wconf 83' lang='lat' dir='ltr'><strong>llissali.</strong></span> 
     </span>
     <span class='ocr_line' id='line_1_12' title="bbox 580 2107 1356 2201; baseline -0.013 -7"><span class='ocrx_word' id='word_1_50' title='bbox 580 2119 627 2196; x_wconf 83' lang='lat' dir='ltr'><strong>Et</strong></span> <span class='ocrx_word' id='word_1_51' title='bbox 645 2119 689 2196; x_wconf 88' lang='lat' dir='ltr'><strong>tit</strong></span> <span class='ocrx_word' id='word_1_52' title='bbox 707 2141 811 2196; x_wconf 87' lang='lat' dir='ltr'><strong>corn.</strong></span> <span class='ocrx_word' id='word_1_53' title='bbox 829 2120 868 2194; x_wconf 82' lang='lat' dir='ltr'><strong>S.</strong></span> <span class='ocrx_word' id='word_1_54' title='bbox 889 2115 1048 2193; x_wconf 77' lang='lat' dir='ltr'><strong>Sabinae</strong></span> <span class='ocrx_word' id='word_1_55' title='bbox 1066 2109 1177 2186; x_wconf 87' lang='lat' dir='ltr'><strong>llart.</strong></span> <span class='ocrx_word' id='word_1_56' title='bbox 1203 2107 1356 2201; x_wconf 82' lang='lat' dir='ltr'><strong>OratiO,</strong></span> 
     </span>
     <span class='ocr_line' id='line_1_13' title="bbox 527 2215 1358 2327; baseline -0.017 -20"><span class='ocrx_word' id='word_1_57' title='bbox 527 2229 643 2324; x_wconf 88' lang='lat' dir='ltr'><strong>Deus,</strong></span> <span class='ocrx_word' id='word_1_58' title='bbox 666 2223 736 2327; x_wconf 86' lang='lat' dir='ltr'><strong>qui</strong></span> <span class='ocrx_word' id='word_1_59' title='bbox 756 2223 858 2302; x_wconf 91' lang='lat' dir='ltr'><strong>inter</strong></span> <span class='ocrx_word' id='word_1_60' title='bbox 876 2229 1043 2311; x_wconf 84' lang='lat' dir='ltr'><strong>caetera;</strong></span> <span class='ocrx_word' id='word_1_61' title='bbox 1079 2227 1117 2297; x_wconf 90' lang='lat' dir='ltr'><strong>et</strong></span> <span class='ocrx_word' id='word_1_62' title='bbox 1136 2217 1175 2294; x_wconf 86' lang='lat' dir='ltr'><strong>S.</strong></span> <span class='ocrx_word' id='word_1_63' title='bbox 1198 2215 1358 2294; x_wconf 87' lang='lat' dir='ltr'><strong>Sabinae</strong></span> 
     </span>
     <span class='ocr_line' id='line_1_14' title="bbox 523 2325 1000 2438; baseline -0.017 -22"><span class='ocrx_word' id='word_1_64' title='bbox 523 2337 632 2438; x_wconf 69' lang='lat' dir='ltr'><strong>lug.</strong></span> <span class='ocrx_word' id='word_1_65' title='bbox 657 2333 808 2430; x_wconf 87' lang='lat' dir='ltr'><strong>Oratio,</strong></span> <span class='ocrx_word' id='word_1_66' title='bbox 837 2325 1000 2408; x_wconf 85' lang='lat' dir='ltr'><strong>Exoudi.</strong></span> 
     </span>
    </p>
   </div>
   <div class='ocr_carea' id='block_1_5' title="bbox 530 2456 1299 2604">
    <p class='ocr_par' dir='ltr' id='par_1_5' title="bbox 530 2456 1299 2604">
     <span class='ocr_line' id='line_1_15' title="bbox 530 2456 1299 2604; baseline -0.018 2"><span class='ocrx_word' id='word_1_67' title='bbox 530 2456 1299 2604; x_wconf 64' lang='lat' dir='ltr'><strong>&#39;aasrasumuuams</strong></span> 
     </span>
    </p>
   </div>
   <div class='ocr_carea' id='block_1_6' title="bbox 524 2711 1358 4199">
    <p class='ocr_par' dir='ltr' id='par_1_6' title="bbox 528 2711 1354 2888">
     <span class='ocr_line' id='line_1_16' title="bbox 888 2711 995 2764; baseline -0.009 -1"><span class='ocrx_word' id='word_1_68' title='bbox 888 2711 948 2764; x_wconf 86' lang='lat' dir='ltr'><strong>nra</strong></span> <span class='ocrx_word' id='word_1_69' title='bbox 968 2713 995 2764; x_wconf 92' lang='lat'><strong>1.</strong></span> 
     </span>
     <span class='ocr_line' id='line_1_17' title="bbox 528 2794 1354 2888; baseline -0.016 -10"><span class='ocrx_word' id='word_1_70' title='bbox 528 2799 572 2878; x_wconf 84' lang='lat' dir='ltr'><strong>D.</strong></span> <span class='ocrx_word' id='word_1_71' title='bbox 594 2800 614 2881; x_wconf 89' lang='lat' dir='ltr'>J</span> <span class='ocrx_word' id='word_1_72' title='bbox 622 2798 831 2880; x_wconf 83' lang='lat' dir='ltr'><strong>ULIANAE</strong></span> <span class='ocrx_word' id='word_1_73' title='bbox 842 2794 1354 2888; x_wconf 60' lang='lat' dir='ltr'><strong>Dacottatsrommc.</strong></span> 
     </span>
    </p>

    <p class='ocr_par' dir='ltr' id='par_1_7' title="bbox 526 2895 1358 3122">
     <span class='ocr_line' id='line_1_18' title="bbox 577 2895 1358 3008; baseline -0.023 -20"><span class='ocrx_word' id='word_1_74' title='bbox 577 2911 720 3008; x_wconf 83' lang='lat' dir='ltr'><strong>otissa,</strong></span> <span class='ocrx_word' id='word_1_75' title='bbox 742 2905 944 3003; x_wconf 80' lang='lat' dir='ltr'><strong>Dilexisti,</strong></span> <span class='ocrx_word' id='word_1_76' title='bbox 969 2904 1020 2981; x_wconf 87' lang='lat' dir='ltr'><strong>de</strong></span> <span class='ocrx_word' id='word_1_77' title='bbox 1040 2897 1254 2982; x_wconf 85' lang='lat' dir='ltr'><strong>Communi</strong></span> <span class='ocrx_word' id='word_1_78' title='bbox 1272 2895 1358 2974; x_wconf 85' lang='lat' dir='ltr'><strong>Vir-</strong></span> 
     </span>
     <span class='ocr_line' id='line_1_19' title="bbox 526 3017 1195 3122; baseline -0.022 -25"><span class='ocrx_word' id='word_1_79' title='bbox 526 3022 675 3122; x_wconf 76' lang='lat' dir='ltr'><strong>ginum,</strong></span> <span class='ocrx_word' id='word_1_80' title='bbox 695 3030 841 3120; x_wconf 70' lang='lat' dir='ltr'><strong>practer</strong></span> <span class='ocrx_word' id='word_1_81' title='bbox 860 3017 1093 3096; x_wconf 79' lang='lat' dir='ltr'><strong>Orationem</strong></span> <span class='ocrx_word' id='word_1_82' title='bbox 1112 3032 1195 3110; x_wconf 86' lang='lat' dir='ltr'><strong>seq.</strong></span> 
     </span>
    </p>

    <p class='ocr_par' dir='ltr' id='par_1_8' title="bbox 867 3127 1020 3204">
     <span class='ocr_line' id='line_1_20' title="bbox 867 3127 1020 3204; baseline -0.046 0"><span class='ocrx_word' id='word_1_83' title='bbox 867 3127 1020 3204; x_wconf 88' lang='lat' dir='ltr'><strong>Oratio.</strong></span> 
     </span>
    </p>

    <p class='ocr_par' dir='ltr' id='par_1_9' title="bbox 591 3227 1356 3335">
     <span class='ocr_line' id='line_1_21' title="bbox 591 3227 1356 3335; baseline -0.008 -23"><span class='ocrx_word' id='word_1_84' title='bbox 591 3256 678 3327; x_wconf 86' lang='lat' dir='ltr'><strong>sus,</strong></span> <span class='ocrx_word' id='word_1_85' title='bbox 699 3233 767 3335; x_wconf 91' lang='lat' dir='ltr'><strong>qui</strong></span> <span class='ocrx_word' id='word_1_86' title='bbox 786 3230 1050 3332; x_wconf 89' lang='lat' dir='ltr'><strong>dispositione</strong></span> <span class='ocrx_word' id='word_1_87' title='bbox 1069 3229 1242 3308; x_wconf 82' lang='lat' dir='ltr'><strong>mirobili</strong></span> <span class='ocrx_word' id='word_1_88' title='bbox 1263 3227 1356 3308; x_wconf 80' lang='lat' dir='ltr'><strong>beo·</strong></span> 
     </span>
    </p>

    <p class='ocr_par' dir='ltr' id='par_1_10' title="bbox 524 3337 1358 4199">
     <span class='ocr_line' id='line_1_22' title="bbox 601 3337 1358 3441; baseline -0.013 -19"><span class='ocrx_word' id='word_1_89' title='bbox 601 3338 1105 3441; x_wconf 75' lang='lat' dir='ltr'><strong>tantationumvtrginem</strong></span> <span class='ocrx_word' id='word_1_90' title='bbox 1121 3347 1265 3434; x_wconf 88' lang='lat' dir='ltr'><strong>tuam,a</strong></span> <span class='ocrx_word' id='word_1_91' title='bbox 1278 3337 1358 3437; x_wconf 90' lang='lat' dir='ltr'><strong>pri·</strong></span> 
     </span>
     <span class='ocr_line' id='line_1_23' title="bbox 524 3445 1355 3550; baseline -0.006 -23"><span class='ocrx_word' id='word_1_92' title='bbox 524 3471 590 3528; x_wconf 86' lang='lat' dir='ltr'><strong>ma</strong></span> <span class='ocrx_word' id='word_1_93' title='bbox 616 3449 730 3529; x_wconf 81' lang='lat' dir='ltr'><strong>aetote</strong></span> <span class='ocrx_word' id='word_1_94' title='bbox 749 3446 884 3550; x_wconf 79' lang='lat' dir='ltr'><strong>gratias</strong></span> <span class='ocrx_word' id='word_1_95' title='bbox 903 3445 1082 3525; x_wconf 86' lang='lat' dir='ltr'><strong>ubertote</strong></span> <span class='ocrx_word' id='word_1_96' title='bbox 1100 3446 1355 3548; x_wconf 72' lang='lat' dir='ltr'><strong>praeventam,</strong></span> 
     </span>
     <span class='ocr_line' id='line_1_24' title="bbox 524 3553 1355 3657; baseline -0.004 -21"><span class='ocrx_word' id='word_1_97' title='bbox 524 3557 626 3636; x_wconf 89' lang='lat' dir='ltr'><strong>mira</strong></span> <span class='ocrx_word' id='word_1_98' title='bbox 653 3555 900 3653; x_wconf 91' lang='lat' dir='ltr'><strong>innocentia,</strong></span> <span class='ocrx_word' id='word_1_99' title='bbox 927 3561 967 3635; x_wconf 87' lang='lat' dir='ltr'><strong>et</strong></span> <span class='ocrx_word' id='word_1_100' title='bbox 1005 3553 1355 3657; x_wconf 88' lang='lat' dir='ltr'><strong>contemplationis</strong></span> 
     </span>
     <span class='ocr_line' id='line_1_25' title="bbox 524 3662 1355 3767; baseline -0.005 -24"><span class='ocrx_word' id='word_1_101' title='bbox 524 3664 634 3745; x_wconf 90' lang='lat' dir='ltr'><strong>dono</strong></span> <span class='ocrx_word' id='word_1_102' title='bbox 647 3663 837 3745; x_wconf 74' lang='lat' dir='ltr'><strong>decorare</strong></span> <span class='ocrx_word' id='word_1_103' title='bbox 853 3663 1038 3767; x_wconf 80' lang='lat' dir='ltr'><strong>dignatus</strong></span> <span class='ocrx_word' id='word_1_104' title='bbox 1053 3682 1095 3745; x_wconf 90' lang='lat' dir='ltr'><strong>es</strong></span> <span class='ocrx_word' id='word_1_105' title='bbox 1110 3690 1118 3739; x_wconf 92' lang='lat'><strong>:</strong></span> <span class='ocrx_word' id='word_1_106' title='bbox 1134 3665 1219 3764; x_wconf 90' lang='lat' dir='ltr'><strong>ejus</strong></span> <span class='ocrx_word' id='word_1_107' title='bbox 1234 3662 1355 3741; x_wconf 85' lang='lat' dir='ltr'><strong>mori·</strong></span> 
     </span>
     <span class='ocr_line' id='line_1_26' title="bbox 525 3768 1354 3865; baseline -0.006 -14"><span class='ocrx_word' id='word_1_108' title='bbox 525 3772 576 3853; x_wconf 91' lang='lat' dir='ltr'><strong>tis</strong></span> <span class='ocrx_word' id='word_1_109' title='bbox 593 3784 633 3853; x_wconf 87' lang='lat' dir='ltr'><strong>et</strong></span> <span class='ocrx_word' id='word_1_110' title='bbox 660 3771 944 3854; x_wconf 87' lang='lat' dir='ltr'><strong>intercessione</strong></span> <span class='ocrx_word' id='word_1_111' title='bbox 980 3769 1176 3862; x_wconf 89' lang='lat' dir='ltr'><strong>concede;</strong></span> <span class='ocrx_word' id='word_1_112' title='bbox 1201 3778 1256 3865; x_wconf 86' lang='lat' dir='ltr'><strong>ut,</strong></span> <span class='ocrx_word' id='word_1_113' title='bbox 1282 3768 1354 3848; x_wconf 89' lang='lat' dir='ltr'><strong>tibi</strong></span> 
     </span>
     <span class='ocr_line' id='line_1_27' title="bbox 525 3875 1354 3979; baseline -0.005 -20"><span class='ocrx_word' id='word_1_114' title='bbox 525 3880 566 3961; x_wconf 88' lang='lat' dir='ltr'><strong>in</strong></span> <span class='ocrx_word' id='word_1_115' title='bbox 594 3880 711 3965; x_wconf 84' lang='lat' dir='ltr'><strong>terris</strong></span> <span class='ocrx_word' id='word_1_116' title='bbox 727 3879 807 3967; x_wconf 83' lang='lat' dir='ltr'><strong>fide</strong></span> <span class='ocrx_word' id='word_1_117' title='bbox 825 3887 864 3961; x_wconf 89' lang='lat' dir='ltr'><strong>et</strong></span> <span class='ocrx_word' id='word_1_118' title='bbox 880 3880 1044 3961; x_wconf 80' lang='lat' dir='ltr'><strong>carittte</strong></span> <span class='ocrx_word' id='word_1_119' title='bbox 1061 3877 1279 3979; x_wconf 82' lang='lat' dir='ltr'><strong>conjoncti,</strong></span> <span class='ocrx_word' id='word_1_120' title='bbox 1302 3875 1354 3961; x_wconf 86' lang='lat' dir='ltr'><strong>ed</strong></span> 
     </span>
     <span class='ocr_line' id='line_1_28' title="bbox 524 3986 1355 4093; baseline -0.005 -24"><span class='ocrx_word' id='word_1_121' title='bbox 524 3986 879 4093; x_wconf 79' lang='lat' dir='ltr'><strong>contemplendam</strong></span> <span class='ocrx_word' id='word_1_122' title='bbox 893 3988 933 4068; x_wconf 91' lang='lat' dir='ltr'><strong>in</strong></span> <span class='ocrx_word' id='word_1_123' title='bbox 960 3987 1072 4067; x_wconf 86' lang='lat' dir='ltr'><strong>coelis</strong></span> <span class='ocrx_word' id='word_1_124' title='bbox 1087 3986 1260 4090; x_wconf 88' lang='lat' dir='ltr'><strong>speciem</strong></span> <span class='ocrx_word' id='word_1_125' title='bbox 1277 3996 1355 4065; x_wconf 82' lang='lat' dir='ltr'><strong>tuoe</strong></span> 
     </span>
     <span class='ocr_line' id='line_1_29' title="bbox 524 4094 1353 4199; baseline -0.001 -23"><span class='ocrx_word' id='word_1_126' title='bbox 524 4094 1353 4199; x_wconf 81' lang='lat' dir='ltr'><strong>pulchritodinisperducemur.PerDi1um.</strong></span> 
     </span>
    </p>
   </div>
   <div class='ocr_carea' id='block_1_7' title="bbox 529 4214 1354 4551">
    <p class='ocr_par' dir='ltr' id='par_1_11' title="bbox 529 4214 1354 4551">
     <span class='ocr_line' id='line_1_30' title="bbox 581 4214 1352 4322; baseline -0.017 -21"><span class='ocrx_word' id='word_1_127' title='bbox 581 4224 627 4304; x_wconf 84' lang='lat' dir='ltr'><strong>Et</strong></span> <span class='ocrx_word' id='word_1_128' title='bbox 646 4226 688 4303; x_wconf 90' lang='lat' dir='ltr'><strong>fit</strong></span> <span class='ocrx_word' id='word_1_129' title='bbox 705 4246 809 4302; x_wconf 91' lang='lat' dir='ltr'><strong>com.</strong></span> <span class='ocrx_word' id='word_1_130' title='bbox 839 4223 879 4299; x_wconf 85' lang='lat' dir='ltr'><strong>S.</strong></span> <span class='ocrx_word' id='word_1_131' title='bbox 913 4220 1060 4322; x_wconf 74' lang='lat' dir='ltr'><strong>Algidii</strong></span> <span class='ocrx_word' id='word_1_132' title='bbox 1076 4217 1175 4295; x_wconf 77' lang='lat' dir='ltr'><strong>bob.</strong></span> <span class='ocrx_word' id='word_1_133' title='bbox 1199 4214 1352 4295; x_wconf 79' lang='lat' dir='ltr'><strong>Oratio.</strong></span> 
     </span>
     <span class='ocr_line' id='line_1_31' title="bbox 531 4330 1354 4432; baseline -0.013 -21"><span class='ocrx_word' id='word_1_134' title='bbox 531 4334 829 4432; x_wconf 63' lang='lat' dir='ltr'><strong>intercessione</strong></span> <span class='ocrx_word' id='word_1_135' title='bbox 848 4334 917 4410; x_wconf 80' lang='lat' dir='ltr'><strong>SS.</strong></span> <span class='ocrx_word' id='word_1_136' title='bbox 939 4330 1152 4409; x_wconf 81' lang='lat' dir='ltr'><strong>duodecim</strong></span> <span class='ocrx_word' id='word_1_137' title='bbox 1174 4330 1354 4403; x_wconf 79' lang='lat' dir='ltr'><strong>Fratrum</strong></span> 
     </span>
     <span class='ocr_line' id='line_1_32' title="bbox 529 4437 1353 4551; baseline -0.017 -29"><span class='ocrx_word' id='word_1_138' title='bbox 529 4446 759 4551; x_wconf 86' lang='lat' dir='ltr'><strong>llart.,utin</strong></span> <span class='ocrx_word' id='word_1_139' title='bbox 776 4440 925 4519; x_wconf 90' lang='lat' dir='ltr'><strong>blissali</strong></span> <span class='ocrx_word' id='word_1_140' title='bbox 944 4441 1102 4518; x_wconf 90' lang='lat' dir='ltr'><strong>subhac</strong></span> <span class='ocrx_word' id='word_1_141' title='bbox 1114 4438 1189 4533; x_wconf 89' lang='lat' dir='ltr'><strong>die,</strong></span> <span class='ocrx_word' id='word_1_142' title='bbox 1202 4437 1353 4535; x_wconf 88' lang='lat' dir='ltr'><strong>ij.lcco.</strong></span> 
     </span>
    </p>
   </div>
   <div class='ocr_carea' id='block_1_8' title="bbox 528 4628 1356 5357">
    <p class='ocr_par' dir='ltr' id='par_1_12' title="bbox 528 4628 1356 5357">
     <span class='ocr_line' id='line_1_33' title="bbox 869 4628 1001 4681; baseline 0 -2"><span class='ocrx_word' id='word_1_143' title='bbox 869 4628 929 4681; x_wconf 88' lang='lat' dir='ltr'><strong>ma</strong></span> <span class='ocrx_word' id='word_1_144' title='bbox 959 4628 1001 4679; x_wconf 90' lang='lat' dir='ltr'><strong>n.</strong></span> 
     </span>
     <span class='ocr_line' id='line_1_34' title="bbox 700 4732 1179 4791; baseline -0.004 -3"><span class='ocrx_word' id='word_1_145' title='bbox 700 4734 737 4788; x_wconf 87' lang='lat' dir='ltr'><strong>m</strong></span> <span class='ocrx_word' id='word_1_146' title='bbox 756 4732 992 4791; x_wconf 81' lang='lat' dir='ltr'><strong>osurcarroas</strong></span> <span class='ocrx_word' id='word_1_147' title='bbox 1012 4732 1179 4789; x_wconf 78' lang='lat' dir='ltr'><strong>ursimus</strong></span> 
     </span>
     <span class='ocr_line' id='line_1_35' title="bbox 635 4816 1251 4913; baseline -0.008 -13"><span class='ocrx_word' id='word_1_148' title='bbox 635 4818 674 4900; x_wconf 89' lang='lat' dir='ltr'><strong>S.</strong></span> <span class='ocrx_word' id='word_1_149' title='bbox 705 4820 854 4899; x_wconf 87' lang='lat' dir='ltr'><strong>PE&#39;llll</strong></span> <span class='ocrx_word' id='word_1_150' title='bbox 885 4820 952 4898; x_wconf 83' lang='lat' dir='ltr'><strong>DE</strong></span> <span class='ocrx_word' id='word_1_151' title='bbox 977 4816 1251 4913; x_wconf 72' lang='lat' dir='ltr'><strong>CASTELLO,</strong></span> 
     </span>
     <span class='ocr_line' id='line_1_36' title="bbox 702 4950 1167 5017; baseline -0.009 -10"><span class='ocrx_word' id='word_1_152' title='bbox 702 4952 822 5017; x_wconf 79' lang='lat' dir='ltr'><strong>aurio.</strong></span> <span class='ocrx_word' id='word_1_153' title='bbox 843 4952 940 5007; x_wconf 86' lang='lat' dir='ltr'><strong>sams</strong></span> <span class='ocrx_word' id='word_1_154' title='bbox 958 4950 1167 5007; x_wconf 81' lang='lat' dir='ltr'><strong>mrauacu.</strong></span> 
     </span>
     <span class='ocr_line' id='line_1_37' title="bbox 576 5036 1352 5121; baseline -0.017 0"><span class='ocrx_word' id='word_1_155' title='bbox 576 5044 695 5121; x_wconf 82' lang='lat' dir='ltr'><strong>otissa</strong></span> <span class='ocrx_word' id='word_1_156' title='bbox 712 5042 760 5119; x_wconf 93' lang='lat' dir='ltr'><strong>de</strong></span> <span class='ocrx_word' id='word_1_157' title='bbox 780 5042 935 5121; x_wconf 84' lang='lat' dir='ltr'><strong>Comm.</strong></span> <span class='ocrx_word' id='word_1_158' title='bbox 953 5042 1132 5121; x_wconf 86' lang='lat' dir='ltr'><strong>Dedicat.</strong></span> <span class='ocrx_word' id='word_1_159' title='bbox 1152 5036 1352 5115; x_wconf 73' lang='lat' dir='ltr'><strong>Ecclesiae.</strong></span> 
     </span>
     <span class='ocr_line' id='line_1_38' title="bbox 579 5146 1356 5231; baseline -0.008 -2"><span class='ocrx_word' id='word_1_160' title='bbox 579 5154 627 5229; x_wconf 89' lang='lat' dir='ltr'><strong>Et</strong></span> <span class='ocrx_word' id='word_1_161' title='bbox 655 5154 698 5229; x_wconf 88' lang='lat' dir='ltr'><strong>tlt</strong></span> <span class='ocrx_word' id='word_1_162' title='bbox 738 5174 840 5231; x_wconf 91' lang='lat' dir='ltr'><strong>com.</strong></span> <span class='ocrx_word' id='word_1_163' title='bbox 891 5154 932 5229; x_wconf 76' lang='lat' dir='ltr'><strong>S.</strong></span> <span class='ocrx_word' id='word_1_164' title='bbox 976 5154 1129 5231; x_wconf 83' lang='lat' dir='ltr'><strong>Cosmm</strong></span> <span class='ocrx_word' id='word_1_165' title='bbox 1173 5146 1356 5223; x_wconf 81' lang='lat' dir='ltr'><strong>Eremitae</strong></span> 
     </span>
     <span class='ocr_line' id='line_1_39' title="bbox 528 5257 1132 5357; baseline -0.015 -16"><span class='ocrx_word' id='word_1_166' title='bbox 528 5261 643 5341; x_wconf 84' lang='lat' dir='ltr'><strong>Cous.</strong></span> <span class='ocrx_word' id='word_1_167' title='bbox 668 5261 820 5339; x_wconf 80' lang='lat' dir='ltr'><strong>Oratio.</strong></span> <span class='ocrx_word' id='word_1_168' title='bbox 837 5260 947 5337; x_wconf 89' lang='lat' dir='ltr'><strong>Deus</strong></span> <span class='ocrx_word' id='word_1_169' title='bbox 962 5257 1029 5357; x_wconf 91' lang='lat' dir='ltr'><strong>qui</strong></span> <span class='ocrx_word' id='word_1_170' title='bbox 1048 5277 1132 5334; x_wconf 89' lang='lat' dir='ltr'><strong>nos.</strong></span> 
     </span>
    </p>
   </div>
   <div class='ocr_carea' id='block_1_9' title="bbox 868 5448 1012 5500">
    <p class='ocr_par' dir='ltr' id='par_1_13' title="bbox 868 5448 1012 5500">
     <span class='ocr_line' id='line_1_40' title="bbox 868 5448 1012 5500; baseline 0.007 -1"><span class='ocrx_word' id='word_1_171' title='bbox 868 5448 928 5499; x_wconf 81' lang='lat' dir='ltr'><strong>nm</strong></span> <span class='ocrx_word' id='word_1_172' title='bbox 955 5449 1012 5500; x_wconf 85' lang='lat'><em>111.</em></span> 
     </span>
    </p>
   </div>
   <div class='ocr_carea' id='block_1_10' title="bbox 520 5529 1349 5631">
    <p class='ocr_par' dir='ltr' id='par_1_14' title="bbox 520 5529 1349 5631">
     <span class='ocr_line' id='line_1_41' title="bbox 520 5529 1349 5631; baseline -0.005 -16"><span class='ocrx_word' id='word_1_173' title='bbox 520 5532 591 5617; x_wconf 84' lang='lat' dir='ltr'><strong>ss,</strong></span> <span class='ocrx_word' id='word_1_174' title='bbox 642 5532 966 5627; x_wconf 78' lang='lat' dir='ltr'><strong>cornutum,</strong></span> <span class='ocrx_word' id='word_1_175' title='bbox 1008 5529 1349 5631; x_wconf 80' lang='lat' dir='ltr'><strong>ooaoruaa,</strong></span> 
     </span>
    </p>
   </div>
   <div class='ocr_carea' id='block_1_11' title="bbox 643 5638 1223 5827">
    <p class='ocr_par' dir='ltr' id='par_1_15' title="bbox 643 5638 1223 5827">
     <span class='ocr_line' id='line_1_42' title="bbox 643 5638 1223 5739; baseline -0.002 -18"><span class='ocrx_word' id='word_1_176' title='bbox 643 5640 864 5722; x_wconf 80' lang='lat' dir='ltr'><strong>ruscum</strong></span> <span class='ocrx_word' id='word_1_177' title='bbox 892 5641 955 5720; x_wconf 86' lang='lat' dir='ltr'><strong>ar</strong></span> <span class='ocrx_word' id='word_1_178' title='bbox 984 5638 1223 5739; x_wconf 79' lang='lat' dir='ltr'><strong>suasum,</strong></span> 
     </span>
     <span class='ocr_line' id='line_1_43' title="bbox 784 5762 1089 5827; baseline -0.007 -6"><span class='ocrx_word' id='word_1_179' title='bbox 784 5764 882 5823; x_wconf 74' lang='lat' dir='ltr'><strong>Vlssti.</strong></span> <span class='ocrx_word' id='word_1_180' title='bbox 911 5764 955 5820; x_wconf 75' lang='lat' dir='ltr'><strong>ET</strong></span> <span class='ocrx_word' id='word_1_181' title='bbox 981 5762 1089 5827; x_wconf 75' lang='lat' dir='ltr'><strong>llblss&#39;.</strong></span> 
     </span>
    </p>
   </div>
   <div class='ocr_carea' id='block_1_12' title="bbox 518 5840 1349 6265">
    <p class='ocr_par' dir='ltr' id='par_1_16' title="bbox 518 5840 1349 6265">
     <span class='ocr_line' id='line_1_44' title="bbox 707 5840 1180 5925; baseline -0.021 -2"><span class='ocrx_word' id='word_1_182' title='bbox 707 5840 1073 5925; x_wconf 83' lang='lat' dir='ltr'><strong>lutroitus.Paulm.</strong></span> <span class='ocrx_word' id='word_1_183' title='bbox 1096 5842 1180 5919; x_wconf 79' lang='lat'><strong>118.</strong></span> 
     </span>
     <span class='ocr_line' id='line_1_45' title="bbox 646 5944 1348 6051; baseline 0.004 -27"><span class='ocrx_word' id='word_1_184' title='bbox 646 5970 666 6024; x_wconf 88' lang='lat' dir='ltr'><strong>a</strong></span> <span class='ocrx_word' id='word_1_185' title='bbox 693 5948 1001 6051; x_wconf 78' lang='lat' dir='ltr'><strong>expectaverunt</strong></span> <span class='ocrx_word' id='word_1_186' title='bbox 1027 5944 1282 6050; x_wconf 80' lang='lat' dir='ltr'><strong>peccatores,</strong></span> <span class='ocrx_word' id='word_1_187' title='bbox 1306 5956 1348 6027; x_wconf 89' lang='lat' dir='ltr'><strong>ut</strong></span> 
     </span>
     <span class='ocr_line' id='line_1_46' title="bbox 518 5962 1348 6257; baseline 0.001 -125"><span class='ocrx_word' id='word_1_188' title='bbox 518 5962 640 6257; x_wconf 83' lang='lat' dir='ltr'>M</span> <span class='ocrx_word' id='word_1_189' title='bbox 662 6052 875 6155; x_wconf 85' lang='lat' dir='ltr'><strong>perderent</strong></span> <span class='ocrx_word' id='word_1_190' title='bbox 899 6078 986 6136; x_wconf 89' lang='lat' dir='ltr'><strong>me:</strong></span> <span class='ocrx_word' id='word_1_191' title='bbox 1013 6054 1242 6137; x_wconf 85' lang='lat' dir='ltr'><strong>testimonia</strong></span> <span class='ocrx_word' id='word_1_192' title='bbox 1260 6066 1348 6153; x_wconf 89' lang='lat' dir='ltr'><strong>tua,</strong></span> 
     </span>
     <span class='ocr_line' id='line_1_47' title="bbox 664 6160 1349 6265; baseline 0 -24"><span class='ocrx_word' id='word_1_193' title='bbox 664 6160 855 6265; x_wconf 90' lang='lat' dir='ltr'><strong>Domine,</strong></span> <span class='ocrx_word' id='word_1_194' title='bbox 881 6164 1057 6245; x_wconf 78' lang='lat' dir='ltr'><strong>intellexi</strong></span> <span class='ocrx_word' id='word_1_195' title='bbox 1078 6194 1086 6243; x_wconf 93' lang='lat'><strong>:</strong></span> <span class='ocrx_word' id='word_1_196' title='bbox 1105 6165 1237 6243; x_wconf 92' lang='lat' dir='ltr'><strong>omnis</strong></span> <span class='ocrx_word' id='word_1_197' title='bbox 1254 6185 1349 6243; x_wconf 91' lang='lat' dir='ltr'><strong>con-</strong></span> 
     </span>
    </p>
   </div>
   <div class='ocr_carea' id='block_1_13' title="bbox 1441 943 2271 1262">
    <p class='ocr_par' dir='ltr' id='par_1_17' title="bbox 1441 943 2271 1262">
     <span class='ocr_line' id='line_1_48' title="bbox 1441 943 2270 1029; baseline -0.011 0"><span class='ocrx_word' id='word_1_198' title='bbox 1441 947 1723 1029; x_wconf 89' lang='lat' dir='ltr'><strong>summationis</strong></span> <span class='ocrx_word' id='word_1_199' title='bbox 1740 945 1823 1025; x_wconf 83' lang='lat' dir='ltr'><strong>vidi</strong></span> <span class='ocrx_word' id='word_1_200' title='bbox 1845 945 1991 1027; x_wconf 85' lang='lat' dir='ltr'><strong>finem:</strong></span> <span class='ocrx_word' id='word_1_201' title='bbox 2009 943 2137 1024; x_wconf 89' lang='lat' dir='ltr'><strong>latum</strong></span> <span class='ocrx_word' id='word_1_202' title='bbox 2163 955 2270 1022; x_wconf 88' lang='lat' dir='ltr'><strong>man·</strong></span> 
     </span>
     <span class='ocr_line' id='line_1_49' title="bbox 1443 1039 2271 1136; baseline -0.005 -2"><span class='ocrx_word' id='word_1_203' title='bbox 1443 1056 1582 1136; x_wconf 82' lang='lat' dir='ltr'><strong>dotum</strong></span> <span class='ocrx_word' id='word_1_204' title='bbox 1610 1064 1723 1135; x_wconf 88' lang='lat' dir='ltr'><strong>tuum</strong></span> <span class='ocrx_word' id='word_1_205' title='bbox 1749 1053 1886 1136; x_wconf 88' lang='lat' dir='ltr'><strong>nimis.</strong></span> <span class='ocrx_word' id='word_1_206' title='bbox 1918 1042 1979 1120; x_wconf 68' lang='grc' dir='ltr'><strong>ΡΒ·</strong></span> <span class='ocrx_word' id='word_1_207' title='bbox 2003 1039 2112 1132; x_wconf 75' lang='lat' dir='ltr'><strong>Boon</strong></span> <span class='ocrx_word' id='word_1_208' title='bbox 2132 1052 2271 1130; x_wconf 86' lang='lat' dir='ltr'><strong>imma·</strong></span> 
     </span>
     <span class='ocr_line' id='line_1_50' title="bbox 1442 1158 2271 1262; baseline -0.006 -20"><span class='ocrx_word' id='word_1_209' title='bbox 1442 1163 1563 1243; x_wconf 80' lang='lat' dir='ltr'><strong>auleti</strong></span> <span class='ocrx_word' id='word_1_210' title='bbox 1592 1163 1633 1240; x_wconf 90' lang='lat' dir='ltr'><strong>in</strong></span> <span class='ocrx_word' id='word_1_211' title='bbox 1664 1161 1738 1258; x_wconf 85' lang='lat' dir='ltr'><strong>via,</strong></span> <span class='ocrx_word' id='word_1_212' title='bbox 1768 1162 1837 1262; x_wconf 92' lang='lat' dir='ltr'><strong>qui</strong></span> <span class='ocrx_word' id='word_1_213' title='bbox 1868 1158 2078 1239; x_wconf 78' lang='lat' dir='ltr'><strong>ambulant</strong></span> <span class='ocrx_word' id='word_1_214' title='bbox 2111 1160 2153 1238; x_wconf 90' lang='lat' dir='ltr'><strong>iu</strong></span> <span class='ocrx_word' id='word_1_215' title='bbox 2187 1159 2271 1260; x_wconf 75' lang='lat' dir='ltr'><strong>lege</strong></span> 
     </span>
    </p>
   </div>
   <div class='ocr_carea' id='block_1_14' title="bbox 1331 1262 1980 1444">
    <p class='ocr_par' dir='ltr' id='par_1_18' title="bbox 1331 1262 1980 1444">
     <span class='ocr_line' id='line_1_51' title="bbox 1331 1262 1980 1349; baseline -0.006 1"><span class='ocrx_word' id='word_1_216' title='bbox 1331 1299 1335 1306; x_wconf 68' lang='grc'><em>’</em></span> <span class='ocrx_word' id='word_1_217' title='bbox 1442 1270 1620 1349; x_wconf 80' lang='lat' dir='ltr'><strong>Domini.</strong></span> <span class='ocrx_word' id='word_1_218' title='bbox 1644 1262 1980 1348; x_wconf 70' lang='lat' dir='ltr'><strong>terentesn.</strong></span> 
     </span>
     <span class='ocr_line' id='line_1_52' title="bbox 1787 1367 1942 1444; baseline -0.026 0"><span class='ocrx_word' id='word_1_219' title='bbox 1787 1367 1942 1444; x_wconf 83' lang='lat' dir='ltr'><strong>Oratio</strong></span> 
     </span>
    </p>
   </div>
   <div class='ocr_carea' id='block_1_15' title="bbox 1449 1481 2273 1660">
    <p class='ocr_par' dir='ltr' id='par_1_19' title="bbox 1449 1481 2273 1660">
     <span class='ocr_line' id='line_1_53' title="bbox 1449 1481 2273 1660; baseline -0.008 -95"><span class='ocrx_word' id='word_1_220' title='bbox 1449 1499 1528 1660; x_wconf 76' lang='lat' dir='ltr'><strong>Da</strong></span> <span class='ocrx_word' id='word_1_221' title='bbox 1545 1487 1692 1580; x_wconf 83' lang='lat' dir='ltr'><strong>nobis,</strong></span> <span class='ocrx_word' id='word_1_222' title='bbox 1721 1484 1949 1563; x_wconf 89' lang='lat' dir='ltr'><strong>misericors</strong></span> <span class='ocrx_word' id='word_1_223' title='bbox 1968 1484 2099 1577; x_wconf 89' lang='lat' dir='ltr'><strong>Deus,</strong></span> <span class='ocrx_word' id='word_1_224' title='bbox 2127 1481 2273 1560; x_wconf 86' lang='lat' dir='ltr'><strong>sanctis</strong></span> 
     </span>
    </p>
   </div>
   <div class='ocr_carea' id='block_1_16' title="bbox 1438 1590 2273 2993">
    <p class='ocr_par' dir='ltr' id='par_1_20' title="bbox 1438 1590 2273 2993">
     <span class='ocr_line' id='line_1_54' title="bbox 1552 1590 2271 1696; baseline 0.004 -32"><span class='ocrx_word' id='word_1_225' title='bbox 1552 1593 1782 1696; x_wconf 81' lang='lat' dir='ltr'><strong>virginibus</strong></span> <span class='ocrx_word' id='word_1_226' title='bbox 1824 1600 1863 1672; x_wconf 87' lang='lat' dir='ltr'><strong>et</strong></span> <span class='ocrx_word' id='word_1_227' title='bbox 1906 1591 2152 1692; x_wconf 80' lang='lat' dir='ltr'><strong>llartyribus</strong></span> <span class='ocrx_word' id='word_1_228' title='bbox 2197 1590 2271 1668; x_wconf 87' lang='lat' dir='ltr'><strong>tuis</strong></span> 
     </span>
     <span class='ocr_line' id='line_1_55' title="bbox 1444 1697 2272 1806; baseline -0.008 -24"><span class='ocrx_word' id='word_1_229' title='bbox 1444 1703 1701 1806; x_wconf 84' lang='lat' dir='ltr'><strong>Euphemia,</strong></span> <span class='ocrx_word' id='word_1_230' title='bbox 1749 1700 1953 1780; x_wconf 88' lang='lat' dir='ltr'><strong>Dorotbea</strong></span> <span class='ocrx_word' id='word_1_231' title='bbox 1979 1761 1990 1797; x_wconf 93' lang='lat'><strong>,</strong></span> <span class='ocrx_word' id='word_1_232' title='bbox 2038 1697 2189 1776; x_wconf 79' lang='lat' dir='ltr'><strong>Thecla</strong></span> <span class='ocrx_word' id='word_1_233' title='bbox 2211 1707 2272 1776; x_wconf 73' lang='lat' dir='ltr'><strong>et</strong></span> 
     </span>
     <span class='ocr_line' id='line_1_56' title="bbox 1442 1804 2267 1908; baseline -0.008 -18"><span class='ocrx_word' id='word_1_234' title='bbox 1442 1813 1608 1890; x_wconf 80' lang='lat' dir='ltr'><strong>Erasma</strong></span> <span class='ocrx_word' id='word_1_235' title='bbox 1625 1807 1980 1906; x_wconf 77' lang='lat' dir='ltr'><strong>intercedentibus,</strong></span> <span class='ocrx_word' id='word_1_236' title='bbox 1998 1806 2173 1886; x_wconf 87' lang='lat' dir='ltr'><strong>coelestis</strong></span> <span class='ocrx_word' id='word_1_237' title='bbox 2188 1804 2267 1908; x_wconf 78' lang='lat' dir='ltr'><strong>gri·</strong></span> 
     </span>
     <span class='ocr_line' id='line_1_57' title="bbox 1442 1913 2268 2015; baseline -0.007 -15"><span class='ocrx_word' id='word_1_238' title='bbox 1442 1921 1509 2000; x_wconf 82' lang='lat' dir='ltr'><strong>tiae</strong></span> <span class='ocrx_word' id='word_1_239' title='bbox 1537 1916 1862 1998; x_wconf 77' lang='lat' dir='ltr'><strong>abundintiam:</strong></span> <span class='ocrx_word' id='word_1_240' title='bbox 1893 1923 1937 1994; x_wconf 88' lang='lat' dir='ltr'><strong>ut</strong></span> <span class='ocrx_word' id='word_1_241' title='bbox 1966 1913 2105 1992; x_wconf 83' lang='lat' dir='ltr'><strong>eorum</strong></span> <span class='ocrx_word' id='word_1_242' title='bbox 2135 1913 2268 2015; x_wconf 77' lang='lat' dir='ltr'><strong>poesie</strong></span> 
     </span>
     <span class='ocr_line' id='line_1_58' title="bbox 1441 2019 2266 2125; baseline -0.005 -19"><span class='ocrx_word' id='word_1_243' title='bbox 1441 2024 1639 2122; x_wconf 84' lang='lat' dir='ltr'><strong>celebrota</strong></span> <span class='ocrx_word' id='word_1_244' title='bbox 1673 2023 1881 2125; x_wconf 71' lang='lat' dir='ltr'><strong>presentis</strong></span> <span class='ocrx_word' id='word_1_245' title='bbox 1919 2021 2010 2100; x_wconf 82' lang='lat' dir='ltr'><strong>ritae</strong></span> <span class='ocrx_word' id='word_1_246' title='bbox 2043 2019 2266 2102; x_wconf 84' lang='lat' dir='ltr'><strong>subsidium</strong></span> 
     </span>
     <span class='ocr_line' id='line_1_59' title="bbox 1441 2129 2232 2221; baseline -0.01 -7"><span class='ocrx_word' id='word_1_247' title='bbox 1441 2135 1633 2221; x_wconf 85' lang='lat' dir='ltr'><strong>conterat,</strong></span> <span class='ocrx_word' id='word_1_248' title='bbox 1653 2143 1692 2212; x_wconf 88' lang='lat' dir='ltr'><strong>et</strong></span> <span class='ocrx_word' id='word_1_249' title='bbox 1710 2133 1882 2212; x_wconf 81' lang='lat' dir='ltr'><strong>mternae.</strong></span> <span class='ocrx_word' id='word_1_250' title='bbox 1907 2131 1981 2210; x_wconf 85' lang='lat' dir='ltr'><strong>Per</strong></span> <span class='ocrx_word' id='word_1_251' title='bbox 1999 2129 2232 2208; x_wconf 90' lang='lat' dir='ltr'><strong>Dominum.</strong></span> 
     </span>
     <span class='ocr_line' id='line_1_60' title="bbox 1439 2237 2268 2344; baseline -0.008 -23"><span class='ocrx_word' id='word_1_252' title='bbox 1439 2241 1582 2323; x_wconf 82' lang='lat' dir='ltr'><strong>Lectio</strong></span> <span class='ocrx_word' id='word_1_253' title='bbox 1607 2241 1795 2344; x_wconf 65' lang='lat' dir='ltr'><strong>Epistola}</strong></span> <span class='ocrx_word' id='word_1_254' title='bbox 1823 2240 1927 2320; x_wconf 78' lang='lat' dir='ltr'><strong>beati</strong></span> <span class='ocrx_word' id='word_1_255' title='bbox 1958 2238 2069 2318; x_wconf 90' lang='lat' dir='ltr'><strong>Pauli</strong></span> <span class='ocrx_word' id='word_1_256' title='bbox 2088 2237 2268 2339; x_wconf 78' lang='lat' dir='ltr'><strong>Apostoli</strong></span> 
     </span>
     <span class='ocr_line' id='line_1_61' title="bbox 1582 2347 2120 2443; baseline -0.024 -15"><span class='ocrx_word' id='word_1_257' title='bbox 1582 2349 1634 2428; x_wconf 88' lang='lat' dir='ltr'><strong>ad</strong></span> <span class='ocrx_word' id='word_1_258' title='bbox 1651 2350 1891 2430; x_wconf 86' lang='lat' dir='ltr'><strong>Corlntbios.</strong></span> <span class='ocrx_word' id='word_1_259' title='bbox 1916 2349 1949 2419; x_wconf 92' lang='lat' dir='ltr'><strong>l.</strong></span> <span class='ocrx_word' id='word_1_260' title='bbox 1972 2365 2059 2443; x_wconf 91' lang='lat' dir='ltr'><strong>cap.</strong></span> <span class='ocrx_word' id='word_1_261' title='bbox 2084 2347 2120 2416; x_wconf 78' lang='lat' dir='ltr'><strong>l.</strong></span> 
     </span>
     <span class='ocr_line' id='line_1_62' title="bbox 1471 2456 2271 2646; baseline -0.005 0"><span class='ocrx_word' id='word_1_262' title='bbox 1471 2483 1681 2646; x_wconf 51' lang='lat' dir='ltr'><strong>otton</strong></span> <span class='ocrx_word' id='word_1_263' title='bbox 1696 2456 2271 2646; x_wconf 68' lang='lat' dir='ltr'><strong>lattttlttttttttt</strong></span> 
     </span>
     <span class='ocr_line' id='line_1_63' title="bbox 1440 2673 2273 2776; baseline 0.001 -27"><span class='ocrx_word' id='word_1_264' title='bbox 1440 2678 1520 2751; x_wconf 88' lang='lat' dir='ltr'><strong>tem</strong></span> <span class='ocrx_word' id='word_1_265' title='bbox 1539 2674 1604 2770; x_wconf 95' lang='lat' dir='ltr'><strong>do,</strong></span> <span class='ocrx_word' id='word_1_266' title='bbox 1622 2683 1826 2776; x_wconf 88' lang='lat' dir='ltr'><strong>tamquam</strong></span> <span class='ocrx_word' id='word_1_267' title='bbox 1846 2673 2164 2752; x_wconf 84' lang='lat' dir='ltr'><strong>misericordiam</strong></span> <span class='ocrx_word' id='word_1_268' title='bbox 2178 2695 2273 2751; x_wconf 89' lang='lat' dir='ltr'><strong>con·</strong></span> 
     </span>
     <span class='ocr_line' id='line_1_64' title="bbox 1440 2781 2273 2876; baseline 0.001 -19"><span class='ocrx_word' id='word_1_269' title='bbox 1440 2782 1598 2862; x_wconf 77' lang='lat' dir='ltr'><strong>sentitus</strong></span> <span class='ocrx_word' id='word_1_270' title='bbox 1617 2804 1641 2860; x_wconf 91' lang='lat' dir='ltr'><strong>a</strong></span> <span class='ocrx_word' id='word_1_271' title='bbox 1659 2781 1844 2876; x_wconf 90' lang='lat' dir='ltr'><strong>Domino,</strong></span> <span class='ocrx_word' id='word_1_272' title='bbox 1863 2790 1907 2861; x_wconf 90' lang='lat' dir='ltr'><strong>ut</strong></span> <span class='ocrx_word' id='word_1_273' title='bbox 1924 2781 1999 2860; x_wconf 91' lang='lat' dir='ltr'><strong>sim</strong></span> <span class='ocrx_word' id='word_1_274' title='bbox 2022 2782 2165 2862; x_wconf 84' lang='lat' dir='ltr'><strong>fidelis.</strong></span> <span class='ocrx_word' id='word_1_275' title='bbox 2184 2781 2273 2860; x_wconf 80' lang='lat' dir='ltr'><strong>Ext-</strong></span> 
     </span>
     <span class='ocr_line' id='line_1_65' title="bbox 1438 2888 2271 2993; baseline 0.001 -28"><span class='ocrx_word' id='word_1_276' title='bbox 1438 2888 1558 2969; x_wconf 88' lang='lat' dir='ltr'><strong>stimo</strong></span> <span class='ocrx_word' id='word_1_277' title='bbox 1589 2911 1684 2990; x_wconf 77' lang='lat' dir='ltr'><strong>ergo</strong></span> <span class='ocrx_word' id='word_1_278' title='bbox 1713 2891 1791 2969; x_wconf 88' lang='lat' dir='ltr'><strong>boe</strong></span> <span class='ocrx_word' id='word_1_279' title='bbox 1821 2889 1973 2968; x_wconf 92' lang='lat' dir='ltr'><strong>bonum</strong></span> <span class='ocrx_word' id='word_1_280' title='bbox 1993 2913 2080 2970; x_wconf 88' lang='lat' dir='ltr'><strong>esse</strong></span> <span class='ocrx_word' id='word_1_281' title='bbox 2105 2899 2271 2993; x_wconf 85' lang='lat' dir='ltr'><strong>propter</strong></span> 
     </span>
    </p>
   </div>
   <div class='ocr_carea' id='block_1_17' title="bbox 1436 3007 2270 4849">
    <p class='ocr_par' dir='ltr' id='par_1_21' title="bbox 1436 3007 2270 4849">
     <span class='ocr_line' id='line_1_66' title="bbox 1440 3007 2269 3112; baseline 0.002 -24"><span class='ocrx_word' id='word_1_282' title='bbox 1440 3009 1654 3090; x_wconf 78' lang='lat' dir='ltr'><strong>instentem</strong></span> <span class='ocrx_word' id='word_1_283' title='bbox 1675 3007 1964 3106; x_wconf 78' lang='lat' dir='ltr'><strong>necessitatem,</strong></span> <span class='ocrx_word' id='word_1_284' title='bbox 1984 3009 2177 3112; x_wconf 88' lang='lat' dir='ltr'><strong>quoniam</strong></span> <span class='ocrx_word' id='word_1_285' title='bbox 2194 3011 2269 3090; x_wconf 89' lang='lat' dir='ltr'><strong>bo·</strong></span> 
     </span>
     <span class='ocr_line' id='line_1_67' title="bbox 1442 3118 2270 3222; baseline 0.008 -28"><span class='ocrx_word' id='word_1_286' title='bbox 1442 3139 1536 3196; x_wconf 91' lang='lat' dir='ltr'><strong>num</strong></span> <span class='ocrx_word' id='word_1_287' title='bbox 1556 3131 1616 3199; x_wconf 88' lang='lat' dir='ltr'><strong>est</strong></span> <span class='ocrx_word' id='word_1_288' title='bbox 1633 3118 1787 3198; x_wconf 91' lang='lat' dir='ltr'><strong>bomini</strong></span> <span class='ocrx_word' id='word_1_289' title='bbox 1807 3118 1866 3198; x_wconf 91' lang='lat' dir='ltr'><strong>sie</strong></span> <span class='ocrx_word' id='word_1_290' title='bbox 1883 3139 1981 3198; x_wconf 89' lang='lat' dir='ltr'><strong>esse.</strong></span> <span class='ocrx_word' id='word_1_291' title='bbox 2008 3118 2203 3222; x_wconf 70' lang='lat' dir='ltr'><strong>Alligetus</strong></span> <span class='ocrx_word' id='word_1_292' title='bbox 2227 3142 2270 3200; x_wconf 85' lang='lat' dir='ltr'><strong>es</strong></span> 
     </span>
     <span class='ocr_line' id='line_1_68' title="bbox 1440 3226 2268 3327; baseline 0.005 -23"><span class='ocrx_word' id='word_1_293' title='bbox 1440 3227 1893 3327; x_wconf 76' lang='lat' dir='ltr'><strong>uxoritnoli&#39;quoerere</strong></span> <span class='ocrx_word' id='word_1_294' title='bbox 1919 3226 2172 3308; x_wconf 88' lang='lat' dir='ltr'><strong>solutionem.</strong></span> <span class='ocrx_word' id='word_1_295' title='bbox 2199 3227 2268 3308; x_wconf 79' lang='lat' dir='ltr'><strong>So</strong></span> 
     </span>
     <span class='ocr_line' id='line_1_69' title="bbox 1440 3334 2270 3438; baseline 0.006 -25"><span class='ocrx_word' id='word_1_296' title='bbox 1440 3336 1547 3415; x_wconf 86' lang='lat' dir='ltr'><strong>lotus</strong></span> <span class='ocrx_word' id='word_1_297' title='bbox 1565 3357 1607 3414; x_wconf 90' lang='lat' dir='ltr'><strong>es</strong></span> <span class='ocrx_word' id='word_1_298' title='bbox 1625 3334 1677 3413; x_wconf 89' lang='lat' dir='ltr'><strong>ab</strong></span> <span class='ocrx_word' id='word_1_299' title='bbox 1696 3334 1850 3414; x_wconf 83' lang='lat' dir='ltr'><strong>uxore?</strong></span> <span class='ocrx_word' id='word_1_300' title='bbox 1873 3335 1956 3414; x_wconf 91' lang='lat' dir='ltr'><strong>noli</strong></span> <span class='ocrx_word' id='word_1_301' title='bbox 1975 3357 2155 3438; x_wconf 75' lang='lat' dir='ltr'><strong>quarere</strong></span> <span class='ocrx_word' id='word_1_302' title='bbox 2173 3338 2270 3418; x_wconf 84' lang='lat' dir='ltr'><strong>uxo-</strong></span> 
     </span>
     <span class='ocr_line' id='line_1_70' title="bbox 1439 3444 2268 3547; baseline 0.002 -25"><span class='ocrx_word' id='word_1_303' title='bbox 1439 3468 1540 3524; x_wconf 91' lang='lat' dir='ltr'><strong>rem.</strong></span> <span class='ocrx_word' id='word_1_304' title='bbox 1560 3445 1602 3524; x_wconf 90' lang='lat' dir='ltr'><strong>Si</strong></span> <span class='ocrx_word' id='word_1_305' title='bbox 1620 3453 1754 3524; x_wconf 90' lang='lat' dir='ltr'><strong>autem</strong></span> <span class='ocrx_word' id='word_1_306' title='bbox 1772 3444 1973 3547; x_wconf 89' lang='lat' dir='ltr'><strong>acceperis</strong></span> <span class='ocrx_word' id='word_1_307' title='bbox 1992 3445 2170 3544; x_wconf 86' lang='lat' dir='ltr'><strong>uxorem,</strong></span> <span class='ocrx_word' id='word_1_308' title='bbox 2189 3469 2268 3527; x_wconf 90' lang='lat' dir='ltr'><strong>non</strong></span> 
     </span>
     <span class='ocr_line' id='line_1_71' title="bbox 1438 3553 2268 3661; baseline 0.002 -28"><span class='ocrx_word' id='word_1_309' title='bbox 1438 3553 1623 3657; x_wconf 82' lang='lat' dir='ltr'><strong>peccosti.</strong></span> <span class='ocrx_word' id='word_1_310' title='bbox 1662 3555 1711 3632; x_wconf 88' lang='lat' dir='ltr'><strong>Et</strong></span> <span class='ocrx_word' id='word_1_311' title='bbox 1745 3553 1778 3633; x_wconf 91' lang='lat' dir='ltr'><strong>si</strong></span> <span class='ocrx_word' id='word_1_312' title='bbox 1816 3553 1997 3656; x_wconf 83' lang='lat' dir='ltr'><strong>nopserit</strong></span> <span class='ocrx_word' id='word_1_313' title='bbox 2021 3555 2162 3661; x_wconf 76' lang='lat' dir='ltr'><strong>virgo,</strong></span> <span class='ocrx_word' id='word_1_314' title='bbox 2188 3579 2268 3638; x_wconf 91' lang='lat' dir='ltr'><strong>non</strong></span> 
     </span>
     <span class='ocr_line' id='line_1_72' title="bbox 1438 3662 2267 3766; baseline 0.004 -24"><span class='ocrx_word' id='word_1_315' title='bbox 1438 3664 1627 3766; x_wconf 80' lang='lat' dir='ltr'><strong>peccevit.</strong></span> <span class='ocrx_word' id='word_1_316' title='bbox 1647 3662 1964 3743; x_wconf 87' lang='lat' dir='ltr'><strong>Tribnlstionem</strong></span> <span class='ocrx_word' id='word_1_317' title='bbox 1984 3670 2118 3743; x_wconf 89' lang='lat' dir='ltr'><strong>tamen</strong></span> <span class='ocrx_word' id='word_1_318' title='bbox 2136 3668 2267 3745; x_wconf 86' lang='lat' dir='ltr'><strong>carnis</strong></span> 
     </span>
     <span class='ocr_line' id='line_1_73' title="bbox 1441 3768 2269 3874; baseline 0.005 -24"><span class='ocrx_word' id='word_1_319' title='bbox 1441 3771 1646 3851; x_wconf 82' lang='lat' dir='ltr'><strong>habebunt</strong></span> <span class='ocrx_word' id='word_1_320' title='bbox 1667 3768 1911 3870; x_wconf 83' lang='lat' dir='ltr'><strong>bujdsmodi.</strong></span> <span class='ocrx_word' id='word_1_321' title='bbox 1941 3772 2021 3874; x_wconf 82' lang='lat' dir='ltr'><strong>Ego</strong></span> <span class='ocrx_word' id='word_1_322' title='bbox 2043 3782 2178 3852; x_wconf 87' lang='lat' dir='ltr'><strong>autem</strong></span> <span class='ocrx_word' id='word_1_323' title='bbox 2202 3797 2269 3854; x_wconf 81' lang='lat' dir='ltr'><strong>ro·</strong></span> 
     </span>
     <span class='ocr_line' id='line_1_74' title="bbox 1440 3878 2265 3982; baseline 0.005 -23"><span class='ocrx_word' id='word_1_324' title='bbox 1440 3880 1503 3959; x_wconf 90' lang='lat' dir='ltr'><strong>bis</strong></span> <span class='ocrx_word' id='word_1_325' title='bbox 1531 3901 1666 3982; x_wconf 86' lang='lat' dir='ltr'><strong>parco.</strong></span> <span class='ocrx_word' id='word_1_326' title='bbox 1696 3878 1783 3959; x_wconf 86' lang='lat' dir='ltr'><strong>llcc</strong></span> <span class='ocrx_word' id='word_1_327' title='bbox 1810 3878 1947 3981; x_wconf 80' lang='lat' dir='ltr'><strong>tuque</strong></span> <span class='ocrx_word' id='word_1_328' title='bbox 1973 3878 2079 3977; x_wconf 90' lang='lat' dir='ltr'><strong>dico,</strong></span> <span class='ocrx_word' id='word_1_329' title='bbox 2096 3882 2265 3963; x_wconf 79' lang='lat' dir='ltr'><strong>fratres:</strong></span> 
     </span>
     <span class='ocr_line' id='line_1_75' title="bbox 1438 3985 2269 4089; baseline 0.005 -23"><span class='ocrx_word' id='word_1_330' title='bbox 1438 3987 1612 4089; x_wconf 84' lang='lat' dir='ltr'><strong>Tempus</strong></span> <span class='ocrx_word' id='word_1_331' title='bbox 1633 3986 1749 4065; x_wconf 84' lang='lat' dir='ltr'><strong>breve</strong></span> <span class='ocrx_word' id='word_1_332' title='bbox 1763 3994 1849 4079; x_wconf 82' lang='lat' dir='ltr'><strong>est:</strong></span> <span class='ocrx_word' id='word_1_333' title='bbox 1871 3985 2070 4089; x_wconf 87' lang='lat' dir='ltr'><strong>reliquum</strong></span> <span class='ocrx_word' id='word_1_334' title='bbox 2088 3998 2161 4085; x_wconf 88' lang='lat' dir='ltr'><strong>est,</strong></span> <span class='ocrx_word' id='word_1_335' title='bbox 2176 4000 2269 4069; x_wconf 89' lang='lat' dir='ltr'><strong>utet</strong></span> 
     </span>
     <span class='ocr_line' id='line_1_76' title="bbox 1437 4094 2268 4199; baseline 0.004 -24"><span class='ocrx_word' id='word_1_336' title='bbox 1437 4101 1506 4199; x_wconf 86' lang='lat' dir='ltr'><strong>qui</strong></span> <span class='ocrx_word' id='word_1_337' title='bbox 1525 4096 1676 4175; x_wconf 87' lang='lat' dir='ltr'><strong>babent</strong></span> <span class='ocrx_word' id='word_1_338' title='bbox 1700 4094 1859 4191; x_wconf 84' lang='lat' dir='ltr'><strong>uxores,</strong></span> <span class='ocrx_word' id='word_1_339' title='bbox 1877 4102 2085 4197; x_wconf 85' lang='lat' dir='ltr'><strong>tamquam</strong></span> <span class='ocrx_word' id='word_1_340' title='bbox 2099 4120 2182 4177; x_wconf 91' lang='lat' dir='ltr'><strong>non</strong></span> <span class='ocrx_word' id='word_1_341' title='bbox 2201 4100 2268 4177; x_wconf 87' lang='lat' dir='ltr'><strong>ha·</strong></span> 
     </span>
     <span class='ocr_line' id='line_1_77' title="bbox 1437 4202 2267 4310; baseline 0.005 -28"><span class='ocrx_word' id='word_1_342' title='bbox 1437 4204 1576 4283; x_wconf 91' lang='lat' dir='ltr'><strong>bentes</strong></span> <span class='ocrx_word' id='word_1_343' title='bbox 1606 4204 1716 4283; x_wconf 86' lang='lat' dir='ltr'><strong>sint:</strong></span> <span class='ocrx_word' id='word_1_344' title='bbox 1747 4210 1788 4281; x_wconf 90' lang='lat' dir='ltr'><strong>et</strong></span> <span class='ocrx_word' id='word_1_345' title='bbox 1820 4203 1891 4304; x_wconf 84' lang='lat' dir='ltr'><strong>qui</strong></span> <span class='ocrx_word' id='word_1_346' title='bbox 1924 4202 2031 4300; x_wconf 83' lang='lat' dir='ltr'><strong>flent,</strong></span> <span class='ocrx_word' id='word_1_347' title='bbox 2059 4214 2267 4310; x_wconf 85' lang='lat' dir='ltr'><strong>tamquam</strong></span> 
     </span>
     <span class='ocr_line' id='line_1_78' title="bbox 1438 4309 2267 4417; baseline 0.006 -28"><span class='ocrx_word' id='word_1_348' title='bbox 1438 4334 1518 4392; x_wconf 91' lang='lat' dir='ltr'><strong>non</strong></span> <span class='ocrx_word' id='word_1_349' title='bbox 1538 4311 1676 4391; x_wconf 81' lang='lat' dir='ltr'><strong>tientes</strong></span> <span class='ocrx_word' id='word_1_350' title='bbox 1692 4337 1700 4386; x_wconf 91' lang='lat'>:</span> <span class='ocrx_word' id='word_1_351' title='bbox 1718 4310 1844 4411; x_wconf 88' lang='lat' dir='ltr'><strong>etqui</strong></span> <span class='ocrx_word' id='word_1_352' title='bbox 1863 4309 2048 4413; x_wconf 82' lang='lat' dir='ltr'><strong>gaudent,</strong></span> <span class='ocrx_word' id='word_1_353' title='bbox 2060 4322 2267 4417; x_wconf 87' lang='lat' dir='ltr'><strong>tamquam</strong></span> 
     </span>
     <span class='ocr_line' id='line_1_79' title="bbox 1438 4419 2266 4521; baseline 0.008 -24"><span class='ocrx_word' id='word_1_354' title='bbox 1438 4441 1518 4500; x_wconf 91' lang='lat' dir='ltr'><strong>non</strong></span> <span class='ocrx_word' id='word_1_355' title='bbox 1545 4419 1794 4521; x_wconf 83' lang='lat' dir='ltr'><strong>gaudentes:</strong></span> <span class='ocrx_word' id='word_1_356' title='bbox 1822 4422 1955 4521; x_wconf 87' lang='lat' dir='ltr'><strong>etqui</strong></span> <span class='ocrx_word' id='word_1_357' title='bbox 1983 4431 2135 4521; x_wconf 85' lang='lat' dir='ltr'><strong>emunt,</strong></span> <span class='ocrx_word' id='word_1_358' title='bbox 2166 4434 2266 4503; x_wconf 90' lang='lat' dir='ltr'><strong>tam·</strong></span> 
     </span>
     <span class='ocr_line' id='line_1_80' title="bbox 1438 4528 2269 4632; baseline 0.006 -23"><span class='ocrx_word' id='word_1_359' title='bbox 1438 4551 1559 4631; x_wconf 89' lang='lat' dir='ltr'><strong>quam</strong></span> <span class='ocrx_word' id='word_1_360' title='bbox 1579 4550 1660 4607; x_wconf 92' lang='lat' dir='ltr'><strong>non</strong></span> <span class='ocrx_word' id='word_1_361' title='bbox 1679 4528 1950 4630; x_wconf 76' lang='lat' dir='ltr'><strong>possidentes:</strong></span> <span class='ocrx_word' id='word_1_362' title='bbox 1963 4540 2003 4609; x_wconf 88' lang='lat' dir='ltr'><strong>et</strong></span> <span class='ocrx_word' id='word_1_363' title='bbox 2019 4532 2090 4632; x_wconf 90' lang='lat' dir='ltr'><strong>qui</strong></span> <span class='ocrx_word' id='word_1_364' title='bbox 2105 4532 2269 4613; x_wconf 77' lang='lat' dir='ltr'><strong>utentur</strong></span> 
     </span>
     <span class='ocr_line' id='line_1_81' title="bbox 1437 4636 2261 4739; baseline 0.004 -23"><span class='ocrx_word' id='word_1_365' title='bbox 1437 4639 1514 4718; x_wconf 91' lang='lat' dir='ltr'><strong>boc</strong></span> <span class='ocrx_word' id='word_1_366' title='bbox 1546 4636 1712 4733; x_wconf 90' lang='lat' dir='ltr'><strong>mundo,</strong></span> <span class='ocrx_word' id='word_1_367' title='bbox 1729 4645 1935 4739; x_wconf 88' lang='lat' dir='ltr'><strong>tamquam</strong></span> <span class='ocrx_word' id='word_1_368' title='bbox 1961 4660 2043 4717; x_wconf 92' lang='lat' dir='ltr'><strong>non</strong></span> <span class='ocrx_word' id='word_1_369' title='bbox 2071 4642 2261 4721; x_wconf 78' lang='lat' dir='ltr'><strong>utentur:</strong></span> 
     </span>
     <span class='ocr_line' id='line_1_82' title="bbox 1436 4744 2263 4849; baseline 0.008 -26"><span class='ocrx_word' id='word_1_370' title='bbox 1436 4744 1614 4849; x_wconf 72' lang='lat' dir='ltr'><strong>praeterit</strong></span> <span class='ocrx_word' id='word_1_371' title='bbox 1652 4745 1760 4823; x_wconf 90' lang='lat' dir='ltr'><strong>enim</strong></span> <span class='ocrx_word' id='word_1_372' title='bbox 1794 4745 1921 4847; x_wconf 79' lang='lat' dir='ltr'><strong>figora</strong></span> <span class='ocrx_word' id='word_1_373' title='bbox 1955 4747 2075 4848; x_wconf 86' lang='lat' dir='ltr'><strong>hujus</strong></span> <span class='ocrx_word' id='word_1_374' title='bbox 2111 4751 2263 4831; x_wconf 90' lang='lat' dir='ltr'><strong>mundi.</strong></span> 
     </span>
    </p>
   </div>
   <div class='ocr_carea' id='block_1_18' title="bbox 1433 4864 2267 6261">
    <p class='ocr_par' dir='ltr' id='par_1_22' title="bbox 1434 4864 2267 5813">
     <span class='ocr_line' id='line_1_83' title="bbox 1436 4864 2266 4949; baseline 0.002 -4"><span class='ocrx_word' id='word_1_375' title='bbox 1436 4864 1683 4945; x_wconf 83' lang='lat' dir='ltr'><strong>Volcentem</strong></span> <span class='ocrx_word' id='word_1_376' title='bbox 1698 4888 1768 4945; x_wconf 86' lang='lat' dir='ltr'><strong>vos</strong></span> <span class='ocrx_word' id='word_1_377' title='bbox 1782 4866 1868 4945; x_wconf 91' lang='lat' dir='ltr'><strong>sine</strong></span> <span class='ocrx_word' id='word_1_378' title='bbox 1883 4865 2156 4947; x_wconf 82' lang='lat' dir='ltr'><strong>sollicitodine</strong></span> <span class='ocrx_word' id='word_1_379' title='bbox 2170 4890 2266 4949; x_wconf 87' lang='lat' dir='ltr'><strong>esse.</strong></span> 
     </span>
     <span class='ocr_line' id='line_1_84' title="bbox 1437 4972 2267 5079; baseline 0.01 -29"><span class='ocrx_word' id='word_1_380' title='bbox 1437 4973 1517 5071; x_wconf 84' lang='lat' dir='ltr'><strong>Qui</strong></span> <span class='ocrx_word' id='word_1_381' title='bbox 1535 4973 1622 5051; x_wconf 88' lang='lat' dir='ltr'><strong>sine</strong></span> <span class='ocrx_word' id='word_1_382' title='bbox 1640 4974 1763 5053; x_wconf 80' lang='lat' dir='ltr'><strong>uxore</strong></span> <span class='ocrx_word' id='word_1_383' title='bbox 1780 4981 1859 5071; x_wconf 90' lang='lat' dir='ltr'><strong>est,</strong></span> <span class='ocrx_word' id='word_1_384' title='bbox 1886 4972 2083 5055; x_wconf 85' lang='lat' dir='ltr'><strong>sollicitus</strong></span> <span class='ocrx_word' id='word_1_385' title='bbox 2101 4986 2161 5057; x_wconf 85' lang='lat' dir='ltr'><strong>est</strong></span> <span class='ocrx_word' id='word_1_386' title='bbox 2178 5000 2267 5079; x_wconf 80' lang='lat' dir='ltr'><strong>quae</strong></span> 
     </span>
     <span class='ocr_line' id='line_1_85' title="bbox 1436 5080 2264 5186; baseline 0.006 -26"><span class='ocrx_word' id='word_1_387' title='bbox 1436 5080 1600 5160; x_wconf 89' lang='lat' dir='ltr'><strong>Domini</strong></span> <span class='ocrx_word' id='word_1_388' title='bbox 1619 5091 1730 5180; x_wconf 88' lang='lat' dir='ltr'><strong>sunt,</strong></span> <span class='ocrx_word' id='word_1_389' title='bbox 1750 5082 1956 5186; x_wconf 87' lang='lat' dir='ltr'><strong>quomodo</strong></span> <span class='ocrx_word' id='word_1_390' title='bbox 1982 5082 2140 5185; x_wconf 80' lang='lat' dir='ltr'><strong>pleeeat</strong></span> <span class='ocrx_word' id='word_1_391' title='bbox 2168 5085 2264 5165; x_wconf 92' lang='lat' dir='ltr'><strong>Deo.</strong></span> 
     </span>
     <span class='ocr_line' id='line_1_86' title="bbox 1436 5189 2265 5288; baseline 0.005 -20"><span class='ocrx_word' id='word_1_392' title='bbox 1436 5189 1517 5288; x_wconf 85' lang='lat' dir='ltr'><strong>Qui</strong></span> <span class='ocrx_word' id='word_1_393' title='bbox 1543 5200 1674 5269; x_wconf 88' lang='lat' dir='ltr'><strong>autem</strong></span> <span class='ocrx_word' id='word_1_394' title='bbox 1702 5214 1793 5271; x_wconf 89' lang='lat' dir='ltr'><strong>cum</strong></span> <span class='ocrx_word' id='word_1_395' title='bbox 1822 5191 1945 5271; x_wconf 82' lang='lat' dir='ltr'><strong>uxore</strong></span> <span class='ocrx_word' id='word_1_396' title='bbox 1971 5199 2041 5287; x_wconf 79' lang='lat' dir='ltr'><strong>est,</strong></span> <span class='ocrx_word' id='word_1_397' title='bbox 2069 5191 2265 5272; x_wconf 87' lang='lat' dir='ltr'><strong>sollicitus</strong></span> 
     </span>
     <span class='ocr_line' id='line_1_87' title="bbox 1435 5297 2265 5405; baseline 0.001 -27"><span class='ocrx_word' id='word_1_398' title='bbox 1435 5308 1495 5378; x_wconf 88' lang='lat' dir='ltr'><strong>est</strong></span> <span class='ocrx_word' id='word_1_399' title='bbox 1512 5321 1602 5400; x_wconf 82' lang='lat' dir='ltr'><strong>quse</strong></span> <span class='ocrx_word' id='word_1_400' title='bbox 1616 5308 1709 5379; x_wconf 89' lang='lat' dir='ltr'><strong>sunt</strong></span> <span class='ocrx_word' id='word_1_401' title='bbox 1724 5299 1876 5395; x_wconf 91' lang='lat' dir='ltr'><strong>mundi,</strong></span> <span class='ocrx_word' id='word_1_402' title='bbox 1891 5297 2098 5401; x_wconf 87' lang='lat' dir='ltr'><strong>quomodo</strong></span> <span class='ocrx_word' id='word_1_403' title='bbox 2113 5301 2265 5405; x_wconf 81' lang='lat' dir='ltr'><strong>ptoeeat</strong></span> 
     </span>
     <span class='ocr_line' id='line_1_88' title="bbox 1435 5406 2263 5503; baseline 0.004 -16"><span class='ocrx_word' id='word_1_404' title='bbox 1435 5406 1570 5503; x_wconf 77' lang='lat' dir='ltr'><strong>uxori,</strong></span> <span class='ocrx_word' id='word_1_405' title='bbox 1589 5418 1627 5485; x_wconf 88' lang='lat' dir='ltr'><strong>et</strong></span> <span class='ocrx_word' id='word_1_406' title='bbox 1645 5406 1799 5486; x_wconf 82' lang='lat' dir='ltr'><strong>divisus</strong></span> <span class='ocrx_word' id='word_1_407' title='bbox 1817 5416 1886 5487; x_wconf 86' lang='lat' dir='ltr'><strong>est.</strong></span> <span class='ocrx_word' id='word_1_408' title='bbox 1906 5408 1956 5487; x_wconf 81' lang='lat' dir='ltr'><strong>ut</strong></span> <span class='ocrx_word' id='word_1_409' title='bbox 1980 5406 2125 5489; x_wconf 79' lang='lat' dir='ltr'><strong>molier</strong></span> <span class='ocrx_word' id='word_1_410' title='bbox 2148 5410 2263 5490; x_wconf 82' lang='lat' dir='ltr'><strong>inuo-</strong></span> 
     </span>
     <span class='ocr_line' id='line_1_89' title="bbox 1434 5514 2262 5618; baseline 0.007 -26"><span class='ocrx_word' id='word_1_411' title='bbox 1434 5523 1513 5617; x_wconf 88' lang='lat' dir='ltr'><strong>pta,</strong></span> <span class='ocrx_word' id='word_1_412' title='bbox 1528 5524 1565 5594; x_wconf 88' lang='lat' dir='ltr'><strong>et</strong></span> <span class='ocrx_word' id='word_1_413' title='bbox 1583 5515 1692 5618; x_wconf 76' lang='lat' dir='ltr'><strong>virgo</strong></span> <span class='ocrx_word' id='word_1_414' title='bbox 1707 5514 1855 5618; x_wconf 81' lang='lat' dir='ltr'><strong>cogitat</strong></span> <span class='ocrx_word' id='word_1_415' title='bbox 1872 5538 1964 5617; x_wconf 81' lang='lat' dir='ltr'><strong>qum</strong></span> <span class='ocrx_word' id='word_1_416' title='bbox 1980 5515 2146 5596; x_wconf 89' lang='lat' dir='ltr'><strong>Domini</strong></span> <span class='ocrx_word' id='word_1_417' title='bbox 2160 5525 2262 5613; x_wconf 86' lang='lat' dir='ltr'><strong>sunt,</strong></span> 
     </span>
     <span class='ocr_line' id='line_1_90' title="bbox 1434 5622 2259 5727; baseline 0.002 -26"><span class='ocrx_word' id='word_1_418' title='bbox 1434 5632 1479 5701; x_wconf 89' lang='lat' dir='ltr'><strong>ut</strong></span> <span class='ocrx_word' id='word_1_419' title='bbox 1504 5622 1556 5703; x_wconf 87' lang='lat' dir='ltr'><strong>sit</strong></span> <span class='ocrx_word' id='word_1_420' title='bbox 1581 5632 1718 5703; x_wconf 86' lang='lat' dir='ltr'><strong>sancta</strong></span> <span class='ocrx_word' id='word_1_421' title='bbox 1750 5625 1920 5726; x_wconf 85' lang='lat' dir='ltr'><strong>corpore</strong></span> <span class='ocrx_word' id='word_1_422' title='bbox 1950 5630 1989 5704; x_wconf 88' lang='lat' dir='ltr'><strong>et</strong></span> <span class='ocrx_word' id='word_1_423' title='bbox 2021 5626 2193 5727; x_wconf 84' lang='lat' dir='ltr'><strong>spiritu:</strong></span> <span class='ocrx_word' id='word_1_424' title='bbox 2219 5626 2259 5704; x_wconf 89' lang='lat' dir='ltr'><strong>in</strong></span> 
     </span>
     <span class='ocr_line' id='line_1_91' title="bbox 1435 5730 2065 5813; baseline 0.003 -3"><span class='ocrx_word' id='word_1_425' title='bbox 1435 5731 1593 5810; x_wconf 84' lang='lat' dir='ltr'><strong>Christo</strong></span> <span class='ocrx_word' id='word_1_426' title='bbox 1610 5732 1705 5811; x_wconf 87' lang='lat' dir='ltr'><strong>lesu</strong></span> <span class='ocrx_word' id='word_1_427' title='bbox 1724 5730 1899 5812; x_wconf 91' lang='lat' dir='ltr'><strong>Domino</strong></span> <span class='ocrx_word' id='word_1_428' title='bbox 1914 5740 2065 5813; x_wconf 86' lang='lat' dir='ltr'><strong>nostro.</strong></span> 
     </span>
    </p>

    <p class='ocr_par' dir='ltr' id='par_1_23' title="bbox 1433 5838 2263 6261">
     <span class='ocr_line' id='line_1_92' title="bbox 1492 5838 2263 5947; baseline -0.005 -24"><span class='ocrx_word' id='word_1_429' title='bbox 1492 5840 1704 5923; x_wconf 74' lang='lat' dir='ltr'><strong>Gratluale.</strong></span> <span class='ocrx_word' id='word_1_430' title='bbox 1738 5842 1799 5919; x_wconf 84' lang='lat' dir='ltr'><strong>Ps.</strong></span> <span class='ocrx_word' id='word_1_431' title='bbox 1828 5844 1892 5919; x_wconf 80' lang='lat' dir='ltr'><strong>ta.</strong></span> <span class='ocrx_word' id='word_1_432' title='bbox 1920 5838 2160 5947; x_wconf 80' lang='lat' dir='ltr'><strong>Concuptnit</strong></span> <span class='ocrx_word' id='word_1_433' title='bbox 2183 5842 2263 5923; x_wconf 82' lang='lat' dir='ltr'><strong>Rex</strong></span> 
     </span>
     <span class='ocr_line' id='line_1_93' title="bbox 1433 5946 2263 6052; baseline 0.002 -26"><span class='ocrx_word' id='word_1_434' title='bbox 1433 5946 1620 6027; x_wconf 88' lang='lat' dir='ltr'><strong>decorem</strong></span> <span class='ocrx_word' id='word_1_435' title='bbox 1639 5955 1775 6028; x_wconf 89' lang='lat' dir='ltr'><strong>tuum:</strong></span> <span class='ocrx_word' id='word_1_436' title='bbox 1795 5948 1987 6052; x_wconf 90' lang='lat' dir='ltr'><strong>quoniam</strong></span> <span class='ocrx_word' id='word_1_437' title='bbox 2005 5950 2091 6050; x_wconf 89' lang='lat' dir='ltr'><strong>ipse</strong></span> <span class='ocrx_word' id='word_1_438' title='bbox 2109 5958 2170 6029; x_wconf 84' lang='lat' dir='ltr'><strong>est</strong></span> <span class='ocrx_word' id='word_1_439' title='bbox 2186 5948 2263 6029; x_wconf 86' lang='lat' dir='ltr'><strong>Do</strong></span> 
     </span>
     <span class='ocr_line' id='line_1_94' title="bbox 1434 6055 2260 6159; baseline 0.002 -26"><span class='ocrx_word' id='word_1_440' title='bbox 1434 6056 1568 6135; x_wconf 91' lang='lat' dir='ltr'><strong>minus</strong></span> <span class='ocrx_word' id='word_1_441' title='bbox 1603 6056 1711 6135; x_wconf 87' lang='lat' dir='ltr'><strong>Deus</strong></span> <span class='ocrx_word' id='word_1_442' title='bbox 1742 6066 1845 6137; x_wconf 91' lang='lat' dir='ltr'><strong>tuus.</strong></span> <span class='ocrx_word' id='word_1_443' title='bbox 1882 6060 1921 6159; x_wconf 64' lang='lat' dir='ltr'><strong>i.</strong></span> <span class='ocrx_word' id='word_1_444' title='bbox 1945 6056 2062 6156; x_wconf 82' lang='lat' dir='ltr'><strong>nudi,</strong></span> <span class='ocrx_word' id='word_1_445' title='bbox 2095 6055 2191 6153; x_wconf 86' lang='lat' dir='ltr'><strong>titia,</strong></span> <span class='ocrx_word' id='word_1_446' title='bbox 2221 6064 2260 6136; x_wconf 83' lang='lat' dir='ltr'><strong>et</strong></span> 
     </span>
     <span class='ocr_line' id='line_1_95' title="bbox 1433 6162 2063 6261; baseline 0.002 -17"><span class='ocrx_word' id='word_1_447' title='bbox 1433 6162 1535 6261; x_wconf 83' lang='lat' dir='ltr'><strong>vide,</strong></span> <span class='ocrx_word' id='word_1_448' title='bbox 1554 6171 1594 6242; x_wconf 90' lang='lat' dir='ltr'><strong>et</strong></span> <span class='ocrx_word' id='word_1_449' title='bbox 1612 6164 1761 6243; x_wconf 89' lang='lat' dir='ltr'><strong>incllna</strong></span> <span class='ocrx_word' id='word_1_450' title='bbox 1778 6186 1915 6245; x_wconf 88' lang='lat' dir='ltr'><strong>aurem</strong></span> <span class='ocrx_word' id='word_1_451' title='bbox 1937 6172 2063 6245; x_wconf 88' lang='lat' dir='ltr'><strong>tuam.</strong></span> 
     </span>
    </p>
   </div>
   <div class='ocr_carea' id='block_1_19' title="bbox 0 0 2668 7200">
    <p class='ocr_par' dir='ltr' id='par_1_24' title="bbox 0 0 2668 7200">
     <span class='ocr_line' id='line_1_96' title="bbox 0 0 2668 7200; baseline 0 5"><span class='ocrx_word' id='word_1_452' title='bbox 0 0 2668 7200; x_wconf 95' lang='lat' dir='ltr'><strong> </strong></span> 
     </span>
    </p>
   </div>
  </div>
 </body>
</html>
