5325 7200
1045 777 1117 854 nie
1134 779 1210 878 xxj.
1234 773 1430 852 Octobris.

367 949 399 1010 et
423 932 492 1010 erit
517 932 557 1010 in
589 930 735 1010 selium
754 928 886 1030 gleriae
903 925 1042 1004 demui
1061 922 1183 1026 patris

365 1043 451 1138 ejus.
481 1041 627 1120 Psalm.
652 1041 726 1124 131.
748 1041 971 1125 Memento,
994 1033 1179 1121 Demine,

366 1145 505 1224 David:
533 1163 571 1224 et
589 1146 722 1224 omnis
745 1140 1063 1224 mansuetndinis
1080 1144 1178 1245 ejus.

371 1255 408 1344 i‘.
421 1254 551 1332 Gleria
573 1253 694 1332 Patri.

693 1361 846 1440 Oratim

444 1487 535 1555 aus,
582 1467 652 1569 qui
697 1470 857 1544 beetum
899 1466 1178 1553 ilementum,

378 1498 732 1662 DConiessdrem
756 1588 871 1650 tuum
906 1587 1024 1671 atque
1048 1574 1182 1648 Ponti·

367 1682 467 1758 ficem
487 1741 496 1769 ‚
530 1683 654 1758 verbo
672 1698 710 1757 et
727 1679 941 1758 virtritibus
958 1678 1179 1756 mirebilem

368 1786 539 1864 effecisti:
561 1788 734 1866 concede
751 1785 947 1888 propitius
966 1816 975 1875 ;
997 1801 1040 1862 ut
1067 1788 1181 1887 cujus

369 1893 547 1972 solemnia
564 1897 838 1985 celebremus,
868 1892 1055 1970 eumdem
1072 1892 1180 1993 apud

369 2017 463 2076 tuam
493 2002 745 2080 clementiam
776 2001 1074 2079 intercesserem
1094 2027 1181 2078 sen·

368 2106 511 2184 tidmus.
533 2111 609 2184 Per
628 2109 863 2186 Deminum.

419 2221 463 2296 Et
502 2219 547 2296 fit
588 2243 801 2314 commem.
848 2221 892 2299 S.
942 2217 1188 2307 Hilarionis,

375 2327 538 2406 obtatis.

698 2435 851 2518 Oratio·

399 2553 647 2614 utencnssto
672 2563 745 2614 nos
765 2598 775 2626 ,
796 2563 1028 2639 quaesumus
1049 2539 1182 2616 Demi·

412 2669 481 2736 ne,
519 2647 622 2724 beeti
651 2647 872 2726 Hilaritinis
889 2648 1054 2726 Abbetis
1074 2673 1183 2726 corn·

372 2751 516 2828 mendet
537 2782 546 2830 ε
572 2771 617 2832 ut
642 2753 753 2854 quod
772 2754 914 2832 nostris
934 2755 1083 2831 meritis
1102 2781 1183 2833 non

373 2857 568 2951 valemus;
605 2863 691 2962 ejus
734 2861 955 2961 patrocinio
998 2869 1184 2961 asseque-

373 2987 466 3042 mur.

427 3077 574 3156 Deinde
594 3081 669 3156 SS.
691 3079 844 3156 Ursulae
858 3093 894 3154 et
910 3079 1001 3160 SoC.
1024 3081 1143 3162 Mart.

706 3188 857 3265 Oratio,

444 3284 612 3377 anobis,
635 3311 865 3387 quasumus
886 3290 1057 3368 nomine
1078 3295 1186 3368 Deus

380 3316 604 3482 Duodea
645 3403 873 3474 sancterum
911 3399 1118 3498 Virginum
1149 3413 1186 3474 et

372 3499 583 3602 Mertyrum
609 3507 769 3580 merum
805 3507 961 3582 Ursulae
987 3522 1024 3582 et
1052 3506 1186 3584 Socie-

371 3628 449 3683 rum
465 3611 563 3709 ejus,
588 3611 746 3710 palmas
766 3610 991 3690 incessebili
1010 3612 1186 3691 devotie-

373 3736 416 3787 ue
442 3715 646 3794 venerari:
686 3733 731 3793 ut
766 3742 867 3818 quas
902 3720 1021 3820 digna
1056 3737 1186 3797 mente

374 3843 445 3895 nou
468 3826 686 3921 pessumus
713 3824 934 3916 celebrere;
968 3827 1188 3904 humilibus

375 3926 501 4004 saltem
531 3929 828 4030 frequentemus
858 3933 1075 4033 obsequiis.
1112 3938 1188 4011 Per

375 4032 596 4111 Deminum.
1001 4094 1005 4101 ι

387 4141 498 4222 lectio
530 4142 717 4241 Epistola
748 4144 850 4220 beati
872 4147 986 4224 Pauli
1007 4148 1186 4250 Apestoli

474 4247 524 4325 ad
547 4248 835 4350 Philippenses.
871 4259 1014 4359 Philip.
1042 4264 1077 4339 3.

476 4375 604 4433 ratis:
624 4358 817 4435 Existimo
830 4361 966 4438 dmnia
980 4361 1187 4440 detrimen·

466 4478 550 4541 tum
602 4491 687 4541 esse
739 4484 900 4568 propter
948 4472 1185 4549 eminentem

2024 801 2070 876 ²7

1245 935 1282 998 et
1299 921 1609 1022 comprehensus
1627 947 1715 1000 sum
1734 949 1758 1002 a
1786 931 1942 1008 Christo
1958 933 2067 1007 Jesu.

1247 1033 1417 1118 Fratres,
1439 1055 1509 1130 ego
1529 1055 1592 1108 me
1610 1058 1690 1110 non
1705 1039 1875 1118 arbitror
1892 1063 2071 1139 compre·

1245 1137 1443 1215 hendisse.
1466 1141 1603 1218 Unum
1632 1158 1780 1234 autem,
1801 1172 1890 1247 quae
1907 1145 2070 1246 quidem

1245 1262 1349 1322 retro
1364 1261 1455 1322 sunt
1470 1246 1722 1338 obliviscens,
1740 1253 1787 1330 ad
1809 1279 1855 1330 ea
1874 1279 1969 1332 vero
1983 1277 2071 1353 quae

1245 1368 1336 1429 sunt
1362 1353 1496 1452 priera
1521 1355 1734 1432 extendens
1766 1364 1990 1460 meipsum,
2020 1359 2071 1436 ad

1244 1459 1482 1538 destinetum
1503 1466 1786 1562 persequor,ad
1808 1469 1991 1543 bravium
2012 1491 2074 1544 su·

1243 1574 1374 1668 pernae
1391 1568 1611 1645 vocatibnis
1632 1570 1705 1646 Dei
1727 1573 1768 1648 in
1787 1571 1945 1650 Christo
1961 1575 1982 1650 J
1987 1599 2069 1650 esu.

1302 1675 1513 1754 Gradualc.
1551 1699 1572 1749 2
1612 1677 1743 1758 hlach.
1788 1685 1822 1764 5.
1861 1683 2073 1757 &cesserat

1245 1783 1285 1859 in
1303 1783 1501 1860 desertum
1519 1785 1666 1876 locum,
1685 1787 1820 1887 ibique
1836 1785 1959 1864 vitam
1979 1811 2071 1864 cum

1245 1889 1329 1968 suis
1347 1893 1497 1989 agebat,
1520 1915 1568 1968 ne
1588 1895 1797 1994 participes
1814 1910 1941 1972 essent
1965 1893 2072 1972 coin·

1244 1997 1499 2098 quinatienis.
1533 1997 1572 2086 tl.
1598 2019 1623 2078 1.
1645 2003 1776 2082 Parall
1800 2005 2072 2100 rimongregt-

1244 2121 1308 2180 tus
1333 2121 1391 2180 est
1406 2105 1540 2182 omnis
1562 2109 1681 2187 Israel
1702 2111 1887 2200 adeum,
1908 2109 2069 2186 dicens:

1244 2213 1302 2288 Os
1333 2227 1448 2289 tuum
1481 2237 1635 2305 sumus,
1670 2233 1707 2294 et
1744 2239 1837 2296 caro
1866 2233 1965 2294 tua:
1999 2212 2071 2310 tibi

1243 2318 1350 2394 enim
1370 2318 1467 2396 dixit
1498 2322 1724 2401 Dominus:
1757 2329 1822 2404 Tu
1850 2347 1986 2426 pasces
2002 2325 2072 2421 pd-

1245 2429 1386 2527 pulum
1415 2451 1565 2520 meum,
1586 2447 1622 2508 et
1640 2447 1682 2509 tu
1702 2433 1779 2511 eris
1797 2433 1980 2534 princeps
2006 2453 2072 2504 su·

1244 2559 1315 2635 per
1332 2541 1425 2610 etim
1551 2601 1555 2610 .

1302 2643 1475 2734 Ν1ε1ύίει,
1495 2646 1667 2728 alleleia.
1694 2643 1736 2734 l'.
1760 2667 1780 2720 2
1819 2643 1910 2738 Reg.
1932 2643 2074 2722 nante

1250 2751 1469 2828 Deminum
1489 2753 1558 2853 qui
1578 2755 1690 2854 elegit
1709 2779 1772 2831 me
1790 2770 1833 2831 ut
1847 2777 1973 2830 essem
1993 2752 2075 2830 dux

1249 2881 1368 2957 super
1381 2861 1590 2958 populum,
1606 2863 1724 2940 vilior
1738 2862 1832 2938 fiam
1848 2863 1937 2961 plus
1950 2883 2073 2960 quam

1248 2966 1373 3044 lactus
1394 2991 1482 3042 sum
1503 3027 1512 3058 ‚
1541 2984 1577 3043 et
1608 2993 1675 3045 ero
1695 2967 1857 3046 hemilis
1877 2967 1917 3044 in
1950 2965 2076 3042 riculis

1250 3073 1361 3166 meis,
1382 3090 1418 3150 et
1433 3075 1638 3172 gloriesior
1655 3078 1870 3178 apparebo.
1890 3073 2073 3152 Alleluia.

1247 3177 1299 3283 ἢ
1327 3182 1530 3282 Sequentia
1562 3183 1684 3261 sancti
1714 3181 1914 3280 Evangelii
1940 3187 2077 3260 secun-

1349 3287 1446 3364 dum
1468 3291 1716 3368 Matthaeum.
1758 3287 1897 3366 hlattlr.
1921 3309 1983 3384 24.

1331 3394 1399 3470 illo
1419 3402 1594 3496 tempore
1612 3427 1619 3474 :
1650 3397 1754 3474 Dixit
1772 3399 1887 3475 Jesus
1904 3395 2076 3496 discipu·

1262 3414 1355 3590 Illis
1370 3503 1453 3581 suis
1475 3505 1678 3606 :Vigilate
1708 3505 1802 3607 quia
1820 3503 1976 3582 nescitis
1994 3526 2075 3604 qua

1251 3610 1347 3687 hora
1369 3612 1567 3689 Deminus
1584 3630 1711 3691 vester
1728 3620 1919 3691 venttirus
1942 3611 2002 3688 sit.
2028 3612 2078 3687 ll·
2210 3636 2212 3643 ’

1251 3716 1320 3793 lud
1352 3734 1483 3795 autem
1504 3720 1665 3812 scitote,
1699 3719 1891 3821 queniam
1912 3718 1944 3795 si
1964 3716 2078 3795 sciret

1251 3828 1534 3925 paterfamilias
1564 3854 1646 3929 qua
1674 3831 1771 3905 hora
1797 3829 1860 3904 lur
1887 3832 2078 3905 venturus

1251 3950 1364 4022 esset,
1384 3932 1560 4033 vigilaret
1586 3936 1743 4035 titique,
1764 3952 1800 4011 et
1829 3959 1907 4011 non
1936 3940 2078 4011 sineret

1251 4039 1404 4139 perfodi
1440 4041 1606 4117 domum
1640 4067 1768 4119 suam.
1811 4042 1904 4118 ldeo
1935 4056 1971 4117 et
2005 4064 2078 4115 vos

1251 4151 1373 4223 estete
1393 4148 1532 4247 paren,
1554 4149 1647 4249 quia
1671 4174 1751 4249 qua
1781 4147 1937 4224 nescitis
1956 4149 2075 4235 hora,

1255 4252 1380 4329 Filius
1413 4254 1587 4331 heminis
1621 4264 1811 4333 venttirus
1843 4270 1912 4331 est.
1951 4252 2074 4349 Quis,

1251 4376 1380 4460 putas
1414 4378 1470 4437 est
1488 4362 1615 4439 fidelis
1648 4388 1811 4450 servus,
1833 4378 1869 4438 et
1886 4362 2074 4461 prudens,

1251 4491 1371 4566 quem
1405 4471 1606 4547 constituit
1625 4469 1814 4545 deminus
1844 4494 1940 4545 suus
1960 4490 2079 4567 super

376 4566 564 4647 scientiam
594 4576 689 4649 Jesu
716 4574 861 4651 Christi
888 4578 1050 4654 Demini
1079 4580 1184 4656 mei:
1250 4574 1443 4649 familiam
1474 4602 1586 4653 suam
1606 4638 1614 4667 2
1637 4594 1678 4654 ut
1697 4576 1760 4653 del
1780 4575 1858 4652 illis
1876 4576 2009 4653 elbum
2036 4574 2077 4649 iss

376 4695 521 4776 propter
558 4704 678 4779 quem
726 4682 862 4759 omnia
905 4684 1186 4764 detrimentum
1251 4686 1454 4781 temporel
1495 4687 1639 4759 Beetos
1669 4684 1732 4758 ille
1765 4707 1916 4771 servus,
1940 4706 2075 4781 quern,

378 4780 454 4873 feci,
488 4802 524 4861 et
541 4785 712 4864 erbitror
730 4804 773 4864 ut
799 4796 983 4879 stercora.
1009 4810 1052 4869 ut
1075 4794 1187 4871 Chri·
1251 4812 1345 4865 cum
1364 4789 1515 4865 venerit
1540 4790 1728 4867 deminus
1746 4793 1856 4891 ejus,
1886 4787 2080 4865 invenerit

377 4903 470 4967 stum
488 4892 758 4985 lucrifeciam‚
791 4913 828 4973 et
845 4896 1026 4976 inveniar
1043 4899 1084 4976 in
1104 4902 1185 4991 illo,
1252 4896 1309 4971 sic
1327 4895 1548 4973 facientem.
1569 4902 1696 4974 Amen
1715 4896 1804 4973 dlCO
1821 4896 1950 4985 vobis,
1979 4900 2079 4996 que·

377 5016 449 5073 non
465 4998 615 5076 habens
643 5025 774 5079 meam
791 5002 997 5105 justitiam,
1028 5031 1117 5107 quae
1142 5034 1188 5084 ex
1251 5001 1360 5079 niam
1376 5026 1494 5103 super
1507 5004 1643 5082 emnia
1663 5006 1767 5080 bona
1786 5028 1858 5081 sua
1872 5008 2080 5081 constituet

378 5100 448 5199 lege
477 5123 545 5195 est,
583 5108 653 5183 sed
688 5106 796 5185 illam
828 5135 918 5210 quae
949 5139 995 5189 ex
1022 5115 1100 5191 fide
1131 5132 1189 5193 est
1250 5133 1356 5187 eum.

380 5208 511 5289 Christi
528 5217 624 5291 Jesu
646 5242 655 5290 ε
676 5239 766 5315 quae
793 5242 840 5293 ex
863 5222 948 5295 Deo
968 5238 1025 5297 est
1042 5223 1188 5323 justitia
1217 5274 1223 5297 .

378 5310 413 5433 in
445 5316 532 5410 fide,
561 5320 614 5397 ad
645 5325 963 5421 cognoscendum
995 5328 1122 5421 illum,
1153 5350 1189 5410 et

375 5430 546 5502 virttitem
566 5429 865 5506 resurrectienis
882 5435 993 5535 ejus,
1013 5452 1051 5513 et
1069 5436 1191 5514 socie·

375 5532 481 5607 tetem
500 5534 734 5633 passienum
757 5536 890 5615 illius:
923 5542 1191 5643 configuretus

376 5639 482 5715 morti
515 5645 625 5743 ejus:
656 5642 689 5718 si
721 5668 803 5745 quo
836 5646 958 5724 modo
982 5659 1189 5729 occurram

375 5740 419 5815 ad
447 5748 799 5842 resurrectienem,
828 5776 919 5852 quae
936 5770 994 5831 est
1019 5782 1067 5833 ex
1085 5764 1191 5835 mer-

378 5844 459 5927 tuis.
494 5854 589 5931 Non
620 5856 730 5955 quod
756 5858 838 5959 jam
866 5863 1099 5962 acceperim,
1123 5882 1192 5943 aut

378 5954 449 6050 jam
464 5960 659 6057 perlectus
676 5960 752 6039 sim
774 5991 783 6040 ε
811 5990 957 6065 sequor
969 5985 1132 6062 autem,
1159 5972 1192 6048 si

379 6082 452 6158 quo
483 6067 603 6147 modo
638 6070 998 6170 comprehendam,
1037 6075 1077 6155 in
1110 6104 1193 6181 quo

1320 5224 1367 5298 ln
1405 5216 1580 5298 Ecclesia
1615 5215 1838 5297 Cathedrali
1870 5232 1907 5293 et
1935 5214 2095 5321 propria

1268 5327 1411 5407 dicitur
1430 5322 1559 5404 (redo.

1320 5433 1593 5517 Offertorinm.
1616 5432 1726 5512 Isaiae
1754 5436 1806 5511 51.
1831 5428 2012 5509 Atendite
2030 5429 2081 5505 ad

1254 5556 1407 5642 patrem
1425 5556 1597 5617 vestrum
1621 5598 1631 5629 ,
1651 5538 1720 5640 qui
1740 5538 1952 5639 sequimini
1971 5538 2080 5637 quod

1254 5653 1404 5751 justum
1441 5664 1510 5737 est,
1548 5664 1585 5724 et
1617 5646 1791 5748 quaeritis
1825 5646 2078 5739 Deminum‚

1255 5755 1350 5857 quia
1369 5754 1506 5834 vocevi
1526 5779 1633 5844 eum,
1654 5770 1691 5829 et
1711 5751 1892 5829 benedixi
1911 5753 1961 5831 ei.

1598 5868 1768 5947 Secreta.

1317 5990 1365 6047 su
1384 5968 1469 6060 tibi,
1491 5973 1612 6059 Deus,
1634 5967 1871 6046 sacrificium
1903 5986 2082 6047 nostrum

1275 5990 1446 6174 refferat
1492 6077 1671 6155 Pentilex
1717 6076 1979 6157 consessionis
2016 6102 2085 6155 no·
