5325 7200
546 872 570 948 4
1204 858 1273 932 iliu
1294 882 1354 933 xv.
1377 860 1452 935 uix.
1474 860 1666 937 11111111.

543 1056 636 1113 nere
655 1032 825 1113 docuisti
847 1062 856 1107 ι
878 1032 929 1112 du
955 1032 1074 1113 nohis
1088 1093 1099 1129 ,
1115 1054 1367 1135 qnaesumus,

543 1144 628 1242 ejus
653 1140 937 1221 intercessione
967 1148 1005 1221 et
1024 1140 1230 1243 exemplo,
1248 1140 1369 1221 terro

410 1342 412 1347 ι
542 1270 594 1325 11
626 1246 856 1350 despicere,
887 1256 1006 1351 utque
1030 1248 1179 1329 selerne
1208 1247 1366 1327 sectori.

543 1354 621 1435 Per
638 1354 871 1435 Dominum.

593 1448 640 1526 Et
673 1449 716 1527 iit
747 1471 850 1527 com.
894 1450 981 1529 Oct.
1019 1455 1309 1533 sternendi.

591 1557 842 1659 evangelium
863 1622 871 1657 ,
895 1560 997 1648 Ecce
1014 1590 1088 1649 nos
1107 1566 1369 1670 reliquimus,

540 1664 587 1739 rio
607 1664 816 1743 Communi
834 1668 1041 1747 iihhotnm.

862 1927 1051 2093 leth

620 2116 659 2197 S.
687 2117 968 2200 LhUllENTll
993 2121 1013 2201 J
1021 2120 1297 2205 USTlNthl.

593 2224 709 2302 Misso
735 2236 776 2303 ut
801 2227 839 2301 iu
870 2230 951 2323 ojus
971 2233 1095 2306 Fusio.
1130 2224 1359 2305 11111111.

547 2331 585 2401 S.
608 2332 640 2408 11
648 2332 730 2409 nitri
747 2332 926 2412 doliolis.

873 2586 930 2639 ute
957 2587 1034 2639 xix.

546 2676 586 2759 S.
605 2679 722 2781 TlTl,
744 2682 818 2764 ΕΡ.
838 2685 1119 2769 CRETENSlS
1140 2690 1203 2769 ET
1222 2689 1371 2771 CONF.

722 2780 919 2859 iutroitus.
941 2786 1088 2866 Psalm,
1116 2794 1197 2869 151,

633 2910 833 2971 isernoros
861 2893 941 2991 ini,
976 2894 1166 2994 Domine,
1202 2898 1373 2978 induunt

549 2907 628 3195 S
646 2999 861 3097 justitiam,
890 3012 929 3080 et
947 3004 1073 3081 saneti
1093 3006 1149 3085 tui
1168 3004 1370 3085 cuditent:

650 3116 813 3209 propter
830 3110 959 3189 David
974 3134 1131 3191 servum
1149 3123 1274 3213 tuum,
1290 3136 1369 3193 non

551 3214 704 3294 evertas
734 3214 876 3295 ficiem
913 3217 1060 3299 Christi
1095 3220 1165 3299 tui.
1199 3220 1254 3295 i‘s,
1290 3223 1371 3299 Me-

548 3322 707 3418 mento,
734 3321 933 3421 Domine,
965 3325 1095 3405 David
1128 3354 1138 3407 ι
1171 3334 1211 3407 ε1
1240 3326 1372 3407 omnis

551 3429 982 3614 monsueiddinisSJus.
996 3434 1032 3523 1.
1055 3434 1191 3515 Gloria
1211 3436 1330 3515 Patri.

907 3540 1018 3618 roilo¹

554 3669 700 3832 Dnns,
730 3646 800 3746 qui
830 3646 992 3728 heluium
1011 3650 1143 3730 Titum
1163 3649 1373 3731 Confesso·

627 3775 714 3833 rem
744 3763 857 3832 tuum
887 3765 1008 3857 utque
1030 3757 1259 3838 Pontificem
1278 3781 1373 3862 spo·

551 3862 704 3944 stolicis
720 3861 932 3942 virtdtibus
952 3863 1167 3964 decoresti,
1187 3869 1271 3968 ejus
1290 3867 1375 3946 me·

551 3971 638 4050 ritis
669 3977 710 4048 et
740 3969 1025 4052 intercessione
1059 3975 1262 4066 coucede;
1308 3985 1374 4072 ut,

545 4082 651 4181 juste
681 4086 720 4156 ct
750 4077 816 4179 pie
845 4077 1020 4158 viventes
1050 4080 1091 4158 in
1110 4082 1187 4161 hoc
1205 4082 1374 4181 saecnlo,

549 4187 601 4266 sd
633 4185 835 4266 coelestem
866 4184 1038 4286 petrium
1069 4189 1276 4290 pervenire
1293 4213 1376 4269 me·

549 4298 721 4377 reomur.
742 4296 817 4376 Per
834 4295 1064 4378 Dominum.

595 4407 643 4486 Et
668 4407 711 4484 iit
731 4426 831 4482 com.
851 4405 922 4484 SS.
939 4403 1052 4483 Marii
1068 4413 1106 4486 et
1125 4407 1216 4488 Soc.
1233 4411 1365 4501 Mart,

541 4523 584 4593 ut
603 4518 643 4594 in
663 4511 825 4612 Misssli,
841 4511 1004 4591 subhac
1020 4513 1085 4593 die
1105 4515 1145 4614 ij.
1168 4517 1271 4597 ioco.

546 4619 687 4700 tectio
707 4617 895 4720 Epistulae
913 4617 1019 4698 heiti
1047 4620 1158 4700 Pauli
1188 4621 1370 4726 Apostoli

695 4727 748 4804 nd
766 4726 1006 4808 Corinthios.
1020 4731 1057 4806 2.
1077 4731 1163 4812 Cor.
1180 4736 1215 4810 8.

549 4857 742 5022 Fuimus
766 4863 774 4910 :
797 4835 952 4916 Grotins
969 4858 1044 4940 ugo
1062 4837 1160 4937 Deo,
1176 4841 1244 4942 qui
1263 4839 1375 4920 dedit

626 4941 810 5021 esimdem
831 4942 1127 5024 solicitudinem
1151 4970 1225 5050 pro
1258 4949 1373 5030 vobis

551 5049 592 5128 in
612 5049 735 5130 corde
746 5049 836 5148 Titi,
850 5050 1040 5154 quonium
1058 5055 1371 5138 exhortationem

551 5156 716 5260 quidem
742 5159 945 5262 suscepit,
964 5161 1036 5240 sed
1054 5185 1145 5243 cum
1164 5163 1375 5246 sollicitior

551 5275 678 5364 esset,
705 5289 777 5346 sus
807 5268 1009 5349 voluntote
1026 5272 1227 5372 proiectus
1245 5284 1306 5354 est
1322 5275 1373 5354 ud

549 5395 632 5454 vos.
651 5373 835 5454 Misimus
860 5376 979 5454 etiem
998 5401 1090 5457 cum
1111 5379 1181 5460 iilo
1198 5380 1372 5478 fratrem,

550 5485 664 5583 quus
681 5481 769 5562 lnns
788 5491 846 5564 est
865 5483 906 5561 in
926 5485 1222 5591 Evangelioper
1235 5513 1374 5570 omnes

550 5589 748 5670 Ecclesius
767 5617 776 5667 :
794 5614 874 5672 non
907 5593 1037 5672 solum
1069 5607 1225 5694 nutem,
1245 5597 1316 5676 sed
1336 5610 1374 5677 et

550 5697 761 5778 ordinetns
776 5709 835 5780 est
846 5699 897 5778 ab
913 5701 1100 5784 Ecclesiis
1112 5727 1246 5784 coines
1258 5729 1372 5808 pere-

550 5805 785 5908 grinationis
820 5817 968 5890 nostres
989 5814 1032 5890 in
1060 5813 1166 5892 hunc
1192 5814 1370 5915 gretiam,

551 5936 640 6016 quae
668 5916 916 5996 ministretur
946 5940 969 5996 u
999 5919 1117 6000 nobis
1135 5920 1188 5997 ad
1206 5920 1369 6000 Domini

551 6019 744 6122 glorium,
780 6032 819 6104 et
854 6025 1092 6107 destinotsm
1126 6027 1369 6108 voluntotem

550 6137 749 6224 nostram,
771 6129 989 6214 devitinies
1007 6135 1094 6233 hoc,
1115 6158 1164 6214 nc
1186 6135 1276 6239 quis
1295 6158 1368 6215 nos

547 6235 743 6340 vittipcrct
781 6239 821 6317 in
857 6241 932 6321 hnc
965 6241 1242 6344 plenitddine,
1277 6268 1368 6348 quse

1453 1035 1879 1119 ministrotnrsnohis.
1895 1036 2157 1119 providemus
2169 1034 2281 1115 enim

1452 1141 1559 1221 bonu
1592 1165 1674 1222 nou
1709 1144 1839 1225 solnm
1878 1166 2015 1227 corum
2058 1144 2173 1239 Deo,
2207 1139 2283 1219 sed

1452 1248 1573 1327 etium
1615 1264 1752 1330 coram
1798 1252 2043 1333 hominihus.
2096 1248 2283 1327 Misimus

1452 1366 1585 1435 nutem
1602 1380 1694 1435 cum
1714 1358 1793 1437 iilis
1812 1368 1852 1439 et
1876 1360 2039 1438 fratrem
2067 1366 2283 1449 nostrum,

1453 1486 1573 1566 quem
1590 1466 1847 1567 probissimus
1864 1468 1904 1545 in
1924 1466 2061 1545 multis
2078 1487 2188 1567 saepe
2202 1462 2283 1541 sol·

1452 1574 1608 1653 licitum
1622 1597 1710 1654 esse
1730 1602 1741 1655 ε
1760 1598 1868 1655 nunc
1898 1586 2031 1655 nutem
2050 1572 2181 1652 mulio
2197 1571 2283 1650 soi·

1453 1681 1691 1777 licitiorem,
1720 1684 1963 1763 confidentis
1981 1680 2108 1761 multu
2121 1682 2164 1757 in
2181 1702 2253 1759 vos
2271 1736 2283 1770 ‚

1453 1790 1535 1869 sinc
1552 1813 1627 1893 pro
1648 1791 1760 1886 Tito,
1780 1792 1850 1894 qui
1869 1802 1929 1871 est
1946 1790 2081 1870 socius
2099 1809 2229 1881 meus,
2244 1796 2286 1863 et

1452 1897 1493 1975 in
1512 1898 1627 1977 vohis
1654 1897 1843 1997 adjotor,
1869 1899 1951 1979 sire
1967 1898 2110 1976 iratres
2128 1893 2284 1987 nostri,

1453 2005 1634 2106 Apostoli
1654 2004 1947 2102 Ecclesiirum,
1966 2004 2095 2107 glorie
2120 2000 2284 2081 Christi.

1455 2112 1736 2193 Ostensionem
1766 2136 1885 2216 ergo,
1904 2136 1995 2217 quae
2021 2121 2083 2191 est
2100 2107 2282 2189 curitetis

1454 2230 1617 2319 restrae,
1647 2230 1686 2299 et
1704 2230 1852 2299 nostrae
1876 2219 2013 2323 gioriae
2030 2240 2107 2321 pro
2136 2214 2281 2306 vobis,

1454 2328 1494 2404 in
1514 2327 1605 2406 iilos
1624 2326 1824 2407 ostendite
1842 2328 1884 2406 in
1915 2326 2059 2407 iecicm
2084 2320 2284 2403 Ecclesio·

1454 2456 1559 2517 rum.

1503 2542 1709 2619 iiroriuulo.
1737 2544 1796 2619 i‘s.
1835 2550 1912 2619 151.
1936 2536 2180 2619 Sacerdotes
2197 2538 2284 2637 ejus

1454 2646 1619 2726 induem
1637 2645 1801 2727 solutori
1820 2674 1830 2726 :
1849 2652 1889 2725 et
1918 2646 2048 2726 suncti
2066 2648 2153 2745 eius
2171 2642 2284 2723 exul·

1452 2755 1601 2834 tatione
1618 2754 1912 2839 exultebunt.i.
1938 2754 2039 2833 illuc
2057 2750 2280 2855 producam

1453 2893 1579 2950 cornu
1596 2870 1745 2969 David,
1777 2868 1911 2974 pareri
1940 2868 2148 2949 lucernum
2166 2866 2283 2947 Chri·

1454 2989 1936 3184 ει(ἴ11111ἓ10111,11111111,
1966 3100 2025 3173 νς,
2060 3106 2137 3171 hut
2169 3080 2282 3162 ltrre·

1453 3192 1509 3273 rit
1527 3194 1738 3289 ilominus,
1757 3202 1795 3271 et
1823 3214 1903 3272 non
1922 3190 2138 3293 poenitehit
2155 3210 2246 3268 eum
2266 3214 2279 3265 t

1454 3312 1497 3380 tu
1516 3324 1558 3379 es
1575 3302 1763 3381 sacerdos
1781 3304 1822 3378 in
1841 3302 2036 3380 aetornum
2055 3295 2280 3378 secondum

1456 3407 1638 3489 ordinem
1656 3407 1963 3505 Melchisedech,
1980 3406 2154 3487 sileiois.

1503 3518 1629 3607 li'osi
1660 3530 1864 3633 Sopinog,
1900 3531 2059 3610 omissis
2085 3510 2281 3607 Mlell'llfls

1454 3651 1491 3718 ct
1519 3641 1550 3720 1.
1589 3663 1697 3746 serp,
1719 3640 1864 3718 dicitur
1893 3641 2155 3744 Tractusi's.
2200 3647 2231 3712 tt
2242 3647 2255 3740 ‚¹

1455 3731 1608 3823 licitus
1626 3753 1711 3829 vrr,
1728 3730 1798 3834 qui
1824 3733 1937 3810 timet
1962 3728 2186 3808 Dominum
2205 3751 2218 3802 τ
2240 3747 2281 3802 1n

1458 3841 1659 3918 mundetis
1678 3841 1764 3940 ejus
1784 3838 1897 3942 cupit
1924 3837 2058 3916 nimis.
2072 3861 2107 3950 e,
2139 3837 2282 3916 l'otens

1454 3949 1496 4025 in
1524 3961 1628 4027 terre
1654 3953 1730 4026 erit
1753 3969 1892 4026 semen
1917 3947 2004 4047 eius
2033 3972 2042 4024 :
2079 3942 2282 4046 genethlio

1455 4062 1656 4136 rectorum
1686 4054 1960 4135 benedicetur.
1990 4079 2025 4155 p,
2066 4055 2208 4134 Gloria
2245 4063 2284 4130 ct

1455 4163 1605 4244 divitioe
1631 4165 1672 4241 in
1691 4164 1920 4264 domnolus
1940 4187 1951 4242 r
1967 4169 2008 4241 et
2019 4161 2180 4263 justitia
2198 4161 2280 4260 ejus

1456 4283 1591 4351 munet
1607 4271 1649 4349 in
1664 4273 1856 4352 saecuium
1871 4269 2022 4350 seculi.

1503 4399 1780 4501 insignum,
1804 4377 2038 4480 Designivit
2054 4375 2279 4477 Dominus,

1452 4519 1494 4585 ut
1512 4510 1553 4585 in
1570 4510 1683 4586 liesto
1700 4509 1875 4588 translat.
1896 4510 1936 4588 S.
1956 4509 2091 4606 Marci,
2114 4509 2271 4608 liroup,

1451 4617 1565 4694 inira.

1502 4726 1771 4805 onerosum.
1812 4726 1869 4804 rs.
1903 4727 1963 4802 os.
1997 4697 2154 4822 versus
2172 4720 2279 4794 mes,

1455 4822 1495 4890 et
1520 4811 1796 4893 misericordis
1820 4829 1910 4889 mes
1949 4824 2042 4888 cum
2076 4829 2168 4910 rpso
2202 4832 2212 4884 :
2245 4821 2282 4884 ει

1456 4922 1497 4998 11
1541 4921 1705 5000 nomine
1739 4942 1828 4999 meo
1870 4916 2113 4998 exultehitur
2158 4937 2279 4995 cornu

1457 5033 1555 5132 ejus.

1779 5159 1953 5235 Secreto.

1478 5272 1610 5357 ,ruem
1644 5248 1723 5328 ’1111
1766 5243 2018 5327 Confessoris
2058 5241 2117 5323 tui
2163 5249 2279 5344 atquc

1458 5293 1503 5452 ὃ
1543 5356 1776 5455 Pontificis,
1809 5374 2040 5458 quaesumus
2082 5352 2280 5443 Domine,

1458 5463 1591 5544 orrnun
1624 5466 1857 5543 solemnitas
1900 5461 2038 5564 pictoti
2083 5473 2163 5538 turn
2210 5479 2280 5536 nos

1458 5573 1600 5651 reddat
1626 5574 1810 5674 acceptos
1840 5599 1850 5645 ι
1878 5583 1944 5665 11,
1981 5591 2056 5670 per
2087 5575 2176 5646 hmo
2203 5564 2277 5668 pire

1456 5682 1694 5784 placationis
1713 5681 1846 5760 chlois
1862 5741 1872 5775 ,
1890 5679 2061 5758 stillum
2080 5680 2200 5756 heotu
2218 5697 2277 5754 rs·

1456 5781 1620 5869 trihdtio
1652 5791 1887 5888 comitetur,
1919 5799 1958 5868 et
1991 5788 2110 5866 uobis
2145 5787 2278 5889 gretie

1455 5908 1534 5977 tuae
1567 5897 1675 5977 donc
1709 5897 1906 5978 conciliet
1941 5897 2018 5976 Per
2042 5896 2275 5974 Dominum.

1502 6030 1549 6106 ut
1568 6029 1611 6106 iit
1628 6049 1841 6108 commem.
1861 6027 1928 6106 SS.
1948 6027 2184 6111 hinnituum.

1500 6137 1752 6218 Corumnnio.
1785 6137 1922 6215 oinitlr.
1943 6139 2001 6212 eli.
2027 6111 2276 6212 1111111511·-

1452 6259 1549 6329 vus,
1579 6259 1722 6343 quem,
1752 6259 1844 6315 cum
1875 6233 2028 6318 cencrit
2053 6231 2273 6326 Dominus,
