5325 7200
623 1052 684 1125 12*
1034 1045 1164 1116 Missae
1193 1040 1357 1141 propriae
1386 1040 1566 1115 Ecclesiae
1594 1040 1853 1114 Carnutcnsis.

524 1204 528 1211 “
620 1192 668 1287 ὦ
680 1192 834 1268 Initium
847 1188 967 1267 sanai
984 1185 1181 1286 Evangelii
1200 1186 1415 1263 secondum

696 1432 779 1481 man
793 1398 1048 1502 generationis
1060 1401 1152 1476 Jesu
1173 1396 1326 1491 Christi,
1349 1396 1415 1471 lilii

730 1508 870 1599 David,
894 1505 962 1582 tilii
986 1506 1200 1582 Abraham.
1215 1504 1415 1581 Abraham

508 1669 511 1676 ·
617 1610 1412 1717 genuitlsaaclsaacautemgenuitlacob.

614 1727 739 1803 Jacob
755 1738 884 1798 autem
905 1719 1034 1818 genuit
1050 1720 1071 1795 J
1076 1718 1209 1811 udam,
1230 1723 1265 1794 ot
1280 1718 1416 1792 fratres

617 1836 711 1932 ejus.
741 1828 863 1907 ludas
898 1842 1027 1902 autem
1059 1823 1189 1923 genuit
1213 1825 1417 1899 Phares&
1593 1813 1818 1889 SANCTAE
1851 1810 2160 1887 GENOVEFAE

616 1943 772 2029 Zaram,
786 1936 835 2009 de
849 1934 1036 2008 Thamar.
1056 1932 1200 2006 Phares
1215 1945 1345 2005 autem
1359 1936 1418 2027 go
1787 1947 1960 1995 vinarius.

617 2036 1412 2136 nuitEsron.EsronautemganuitAram.
1521 2038 1642 2111 lilissa
1668 2033 1850 2111 Dilexisti.
1887 2037 1933 2109 de
1965 2042 2117 2110 (Jomnr.
2154 2035 2275 2129 Virgi-

617 2158 738 2228 Aram
752 2162 881 2223 autem
908 2143 1038 2243 genuit
1061 2142 1293 2219 Aminadab.
1311 2147 1417 2217 Ami-
1475 2145 1585 2218 num.¹
1608 2168 1646 2243 p.
1674 2141 1777 2242 xxiij.
1800 2166 1887 2215 cum
1912 2160 2086 2241 sequent.
2118 2140 2274 2217 Oratio-

617 2256 746 2333 nadab
760 2268 888 2329 autem
899 2250 1026 2349 genuit
1035 2250 1418 2324 Naasson.Naasson
1473 2254 1598 2326 nibus

617 2380 748 2441 autem
764 2358 892 2459 genuit
912 2357 1085 2433 Salmon.
1108 2356 1267 2431 Salrnon
1288 2368 1417 2429 autem
1524 2356 1670 2432 Dicitur
1704 2354 1845 2432 Credo.
1877 2372 2034 2455 propter
2066 2358 2272 2431 Oilaram.

618 2463 1416 2569 genuitBoozdeRahab.Boozautemge-
1796 2466 1942 2540 Oratio.
2367 2445 2370 2466 ⁴

617 2575 700 2653 nuit
712 2571 825 2651 Obed
834 2596 880 2645 ex
890 2570 1008 2647 Ruth.
1025 2567 1139 2645 Obed
1151 2583 1280 2643 autem
1290 2564 1419 2665 genuit
1555 2594 1704 2645 aroana
1719 2592 1835 2669 super
1850 2590 1935 2658 nos,
1957 2562 2137 2657 Domine,
2156 2563 2277 2665 Spiri-
2367 2545 2370 2570 '

617 2682 766 2760 Jesse.J
770 2702 853 2753 esse
864 2691 994 2752 autem
1004 2672 1415 2773 gonuitDavidregem.
1474 2594 1551 2761 E
1573 2691 1654 2751 tum
1676 2672 1879 2774 agnitionis
1898 2670 2162 2748 &dilectionis
2183 2687 2274 2764 tuae,

1787 1570 1864 1633 DIE
1890 1572 1954 1633 lll.

1757 1704 1795 1749 rr
1831 1704 1974 1750 rnsro

619 2785 745 2864 David
766 2800 896 2860 autem
915 2806 983 2857 rex
1003 2779 1133 2879 gannit
1151 2781 1416 2869 Salomonem,
1474 2808 1552 2883 quo
1571 2783 1751 2858 ancillam
1765 2798 1871 2856 tuam
1886 2778 2130 2855 Genoveiam
2144 2776 2278 2878 imple-

618 2920 665 2970 ex
683 2918 730 2968 ea
747 2914 833 2991 quae
857 2888 927 2963 fuit
948 2889 1062 2965 Uriae.
1080 2888 1268 2963 Salomon
1288 2900 1418 2959 autem
1474 2888 1560 2965 visti
1588 2915 1596 2963 :
1622 2904 1664 2964 ut
1685 2886 1819 2963 sedula
1845 2887 1926 2984 ejus
1955 2882 2186 2977 imitatione,
2209 2882 2277 2959 tibi
2366 2909 2369 2948 ι

619 2998 748 3100 genuit
775 2998 971 3073 Roboam.
999 2995 1182 3070 Roboam
1203 3009 1333 3068 autem
1361 2994 1420 3087 gi·
1475 2996 1621 3071 sincere
1637 2996 1893 3093 obsequentes
1905 3019 1916 3084 ;
1932 2990 2010 3065 fide
2025 2988 2093 3066 tibi
2107 2996 2142 3067 u
2156 2998 2277 3091 opere

619 3106 702 3183 nuit
720 3106 873 3181 Abiam.
891 3104 1011 3177 Abias
1030 3116 1159 3176 autem
1178 3097 1306 3197 genuit
1322 3102 1415 3173 Asa.
1474 3104 1708 3204 placeamus.
1729 3103 1801 3175 Per
1815 3096 2038 3175 Dominum.
2366 3087 2368 3136 ²

619 3218 698 3290 Asa
715 3226 845 3286 autem
862 3205 990 3305 genuit
1010 3206 1209 3305 iosaphat.
1232 3204 1420 3303 Josaphat
1546 3218 1601 3289 De
1621 3214 1680 3288 die
1703 3215 1786 3289 oet,
1805 3216 1842 3283 5,
1863 3210 2023 3285 loannis
2047 3213 2195 3308 Evang,

619 3335 749 3395 autem
765 3314 1199 3414 genuitloram.loram
1212 3326 1342 3386 autem
1355 3316 1417 3407 ge·
1702 3386 1705 3393 ,
1794 3316 1942 3389 Oratio.

620 3424 703 3501 nuit
724 3425 875 3499 Oziam.
893 3422 1011 3495 Ozias
1028 3434 1157 3494 autem
1181 3415 1310 3516 genuit
1325 3418 1417 3493 Joa-
1557 3444 1744 3497 occasun
1756 3434 1876 3506 niam,
1890 3418 2070 3509 Domine,
2087 3420 2277 3517 benignus

618 3535 740 3610 tham.
758 3528 940 3608 Joatham
965 3541 1094 3602 autem
1117 3523 1247 3625 genuit
1271 3523 1415 3600 Achaz.
1473 3448 1549 3611 E
1574 3528 1741 3603 illostra:
1759 3540 1801 3602 ut
1814 3524 1913 3603 beati
1927 3523 2275 3624 JoannisApostoli

619 3641 752 3717 Achaz
775 3652 908 3712 autem
931 3632 1060 3732 ganuit
1082 3633 1304 3708 Ezechiam.
1330 3631 1420 3704 Eze-
1475 3631 2273 3731 tui&Evangelistaeilluminatadoflrinis,

620 3748 726 3823 chias
740 3757 870 3818 autern
887 3739 1015 3838 genuit
1027 3741 1250 3814 Manassen.
1266 3739 1420 3812 Manas-
1474 3741 1524 3816 ad
1535 3741 1639 3816 dona
1648 3737 1847 3840 perveniat
1858 3737 2105 3840 sempiterna.
2121 3741 2195 3818 Per
2206 3741 2276 3816 Do

621 3877 682 3928 ses
695 3865 827 3926 autem
844 3845 972 3945 genuit
983 3850 1125 3920 Amon.
1143 3849 1273 3920 Amon
1287 3858 1418 3918 autem
1475 3846 1637 3922 minum.

620 3955 750 4058 gonuit
762 3955 924 4030 losiam.
938 3953 958 4028 J
963 3957 1066 4027 osias
1078 3966 1208 4026 autem
1223 3947 1381 4048 genuitJ
1386 3973 1420 4022 e·
1520 3957 1634 4028 Nulla
1652 3956 1692 4028 lit
1708 3961 1924 4030 (Ionnneni.
1946 3955 1992 4026 de
2007 3957 2073 4027 SS.
2093 3953 2273 4026 lnnocen-

620 4066 802 4140 choniam
815 4065 850 4135 δι
867 4059 1002 4133 iratres
1011 4060 1108 4156 ejus,
1123 4056 1418 4154 intransmigra-
1471 4061 1582 4138 tibus.

619 4169 723 4245 tione
746 4163 969 4265 Babylonis.
997 4165 1046 4240 Et
1064 4177 1152 4263 post
1172 4163 1419 4260 transmigra·
1790 4173 1951 4238 Secreta.

620 4275 766 4352 tionem
784 4270 1024 4371 Babylonis,
1054 4270 1263 4346 jechonias
1293 4267 1421 4367 genuit
1562 4295 1816 4347 rrnnaurraus
1839 4271 1920 4362 tibi,
1942 4270 2122 4364 Domine,
2140 4297 2275 4371 preces

620 4379 814 4459 Salathiel.
839 4376 1019 4454 salathiel
1041 4391 1172 4452 autem
1195 4374 1324 4472 genuit
1344 4377 1419 4448 Zo-
1581 4383 1793 4452 &monera
1811 4377 1850 4451 in
1866 4377 2016 4452 honore
2032 4377 2174 4454 sanOae
2189 4380 2273 4454 Vir·
2363 4408 2366 4443 ι

620 4486 793 4564 robabel.
843 4483 1062 4560 Zorobabel
1112 4497 1242 4558 autem
1293 4479 1422 4578 genuit
1476 4483 1570 4583 ginis
1602 4497 1676 4557 tuae
1701 4482 1929 4576 Genovoiae;
1956 4481 2007 4557 da
2037 4482 2165 4570 nobis,
2195 4487 2275 4582 eius
2363 4540 2365 4567 ,

619 4590 762 4670 Abiud.
786 4589 918 4666 Abiud
936 4605 1066 4664 autem
1088 4586 1218 4686 genuit
1240 4585 1416 4662 Eliacim.
1476 4591 1680 4688 examplO,
1709 4595 1955 4688 perseverare
1988 4587 2026 4662 in
2055 4590 2275 4667 innocontia

621 4693 784 4777 Eliacim
802 4712 932 4772 autem
950 4694 1080 4794 genuit
1096 4701 1210 4770 Azor.
1231 4699 1334 4769 Azor
1356 4715 1422 4768 au·
1476 4696 1577 4788 vitae,
1591 4693 1853 4770 inhumilitate
1867 4693 2115 4793 poenitentiae,
2126 4695 2165 4772 in
2175 4721 2276 4772 man·

619 4823 697 4883 tem
712 4802 843 4904 genuit
855 4801 995 4878 Sadoc.
1012 4800 1138 4877 Sadoc
1151 4815 1282 4875 autem
1293 4798 1422 4897 genuit
1476 4799 1678 4879 suetudine
1694 4798 1897 4900 patientia.
1918 4801 1991 4876 Per
2005 4800 2231 4878 Dominum.

619 4911 773 4990 Achim.
808 4907 949 4985 Achim
976 4923 1106 4983 autem
1133 4905 1262 5005 gonuit
1290 4903 1417 4980 Eliud.
1645 4916 1698 4986 De
1720 4919 1757 4986 S,
1782 4915 1929 4986 „loanne
1952 4913 2097 5007 Erang,

469 5102 475 5111 ,
620 5015 734 5096 Eliud
759 5032 889 5092 autem
909 5013 1038 5112 gonuit
1067 5015 1239 5089 Eleazar.
1261 5012 1422 5086 Eleazar
1789 5019 1952 5093 Secreta,

618 5140 749 5200 autern
770 5119 898 5218 genuit
916 5121 1090 5195 Mathan.
1109 5121 1271 5194 Mathan
1289 5132 1421 5192 autem
1541 5145 1698 5206 uscrra,
1725 5119 1918 5212 Domine,
1944 5127 2106 5196 munera
2130 5145 2217 5220 quae
2236 5119 2273 5196 in

619 5227 748 5327 genuit
768 5227 905 5301 Jacob.
922 5227 1046 5300 Jacob
1064 5241 1195 5300 autem
1217 5222 1422 5323 gannitio·
1474 5143 1530 5315 S
1568 5228 1649 5325 ejus
1675 5223 1741 5301 tibi
1770 5223 2010 5301 solemnitate
2040 5224 2270 5318 deferimus,

618 5335 713 5432 seph
738 5331 866 5406 virum
888 5332 1038 5422 Mariae,
1058 5330 1107 5404 de
1129 5354 1208 5430 qua
1228 5345 1343 5404 natus
1366 5343 1423 5404 est
1475 5333 1584 5430 cujus
1604 5355 1676 5406 nos
1695 5329 1930 5406 confidimus
1947 5331 2165 5432 patrocinio
2187 5331 2274 5410 libe·
2352 5344 2355 5377 ¹

617 5443 730 5517 lesus
757 5435 822 5536 qui
845 5446 1009 5512 vocatur
1031 5435 1217 5512 Christus.
1476 5437 1562 5512 rari.
1583 5439 1655 5513 Per
1666 5436 1893 5514 Dominum.

625 5547 1422 5566 ...-..-.—---—.-
1521 5547 1695 5621 Praelatio
1757 5549 2047 5645 Apostolorum,
2119 5565 2272 5648 propter
2360 5586 2362 5613 ι

952 5741 957 5752 ,
1231 5741 1238 5750 ,
1347 5741 1369 5750 .‚
1471 5657 1607 5729 Oclar.
1651 5657 1687 5728 S.
1733 5655 1904 5728 loannis,

650 5743 686 5788 ur
719 5741 837 5790 risio
867 5741 898 5790 s,
931 5741 1114 5790 >ramniu
1144 5737 1381 5788 inormimr.
1707 5763 2037 5838 postcommunio.

830 5843 1213 5908 COMMEMORATIO
1547 5885 1683 5938 nosrnr
1696 5861 1822 5956 nobis,
1838 5863 2017 5958 Domine,
2033 5891 2271 5965 quaesumus,

684 5949 908 6026 OMNIUM
934 5955 1000 6028 SS.
1031 5949 1357 6028 MARTYRUM·
1476 5883 1544 6050 P
1560 5967 1787 6046 adsalutem
1804 5970 1941 6046 mentis
1955 5977 1990 6048 ot
2003 5969 2194 6072 corporis,
2212 5975 2274 6050 Sa·

663 6069 864 6144 Orationes
891 6084 932 6142 ut
951 6068 990 6142 in
1010 6069 1285 6168 Supplemcnto
1302 6093 1411 6165 genc-
1475 6081 1672 6152 eramenta
1687 6101 1772 6176 quae
1786 6077 2023 6178 sampsimus
2040 6105 2047 6154 :
2067 6093 2110 6155 ut
2123 6077 2222 6155 sicut
2235 6077 2273 6154 in

614 6177 694 6252 rali.
722 6205 763 6280 p.
784 6177 886 6279 xciij.
1475 6179 1586 6258 beata
1603 6183 1755 6282 Virgine
1773 6185 1984 6280 Genovera,
2002 6201 2038 6261 te
2056 6184 2272 6262 mirabilem

908 5623 986 5686 DlE
1008 5623 1139 5686 xxvi.
