5325 7200
1112 591 1182 668 llic
1205 591 1259 690 iij.
1283 587 1536 666 Novembris.
1952 627 1957 635 ·
2152 577 2177 655 ὅ

437 747 579 827 terunt
604 743 717 847 quasi
747 745 846 822 rumi
877 743 1034 846 palme,
1066 753 1105 824 et
1130 766 1270 825 omnes

437 855 516 934 filii
534 857 663 935 Aaron
686 856 725 931 in
743 853 869 955 glerie
888 874 971 932 sue.

496 962 708 1067 tlrednale.
734 961 851 1040 liceli.
879 967 939 1042 ll.
966 967 1063 1040 llcce
1085 963 1271 1042 sacerdos

440 1069 1266 1173 mugnus,quiindiebussuisplecuitDeo.

444 1182 482 1257 if.
523 1180 609 1259 Non
640 1189 700 1259 est
724 1179 906 1259 inientus
933 1180 1074 1259 similis
1101 1178 1173 1268 illi,
1202 1179 1270 1280 qui

441 1289 697 1367 conserviret
717 1287 843 1390 legem
864 1287 1030 1368 Excelsi.

493 1394 675 1492 Alleluia,
704 1394 876 1474 ullelt'riu.
895 1397 933 1494 lt.
961 1399 1021 1476 l's.
1046 1401 1129 1476 109.
1153 1395 1272 1473 'lues

448 1503 634 1585 sacerdos
652 1506 692 1582 in
712 1503 903 1584 ueternum
929 1503 1146 1584 secdndunr
1166 1503 1274 1583 erdi·

448 1635 538 1692 nem
559 1612 865 1692 Melchisedech.
885 1613 1066 1692 Alleluia.

446 1721 873 1824 fflsequsnuasanm
904 1699 1100 1823 Evangelii
1135 1723 1273 1803 secun-

514 1827 611 1906 dum
633 1827 877 1908 ltlalllraeum.
894 1831 989 1933 Cup.
1007 1837 1067 1912 25.
1092 1839 1218 1912 lsi-⁶25.

442 1951 513 2122 Iu
531 1933 601 2014 illo
618 1935 799 2037 tempore
819 1964 827 2012 :
848 1935 1085 2017 Dixitlesus
1102 1936 1275 2039 discipu·

511 2041 560 2121 lis
593 2043 675 2121 suis
704 2042 937 2145 peribolum
966 2044 1068 2122 hunc
1101 2071 1109 2120 :
1140 2043 1272 2124 Homo

447 2147 611 2250 peregre
640 2151 908 2252 proficiscens
946 2151 1097 2230 rucevit
1138 2173 1272 2230 servos

448 2279 554 2354 suos,
572 2266 612 2336 et
626 2257 790 2339 tredidit
807 2259 886 2338 illis
903 2258 1009 2337 bona
1028 2281 1112 2337 suu.
1135 2259 1184 2338 Et
1201 2259 1269 2336 uni

447 2365 558 2444 dedit
571 2367 749 2469 quinque
764 2368 926 2464 lulentu,
942 2367 1009 2446 elii
1024 2374 1156 2445 nutem
1176 2365 1271 2464 duo,

447 2471 514 2550 elii
532 2495 628 2553 reru
651 2497 790 2572 unum,
812 2475 1027 2576 unicuique
1054 2473 1272 2552 secundum

449 2580 654 2694 preprium
682 2582 883 2678 virtutem,
916 2592 955 2661 et
988 2581 1188 2682 profectus
1214 2591 1273 2661 est

448 2687 595 2758 statim.
624 2679 732 2760 Abiit
761 2691 892 2761 sutem
922 2681 990 2783 qui
1015 2681 1192 2783 quinque
1217 2689 1273 2758 te-

447 2783 553 2864 lentu
568 2787 788 2889 acceperat,
806 2801 845 2866 et
862 2787 1050 2890 operetus
1068 2787 1182 2866 estin
1199 2787 1270 2884 eis,

447 2901 487 2971 et
504 2893 680 2974 lueretus
698 2903 758 2974 est
775 2896 852 2974 eliu
870 2897 1061 2998 quinque.
1083 2894 1274 2974 Similiter

447 3002 571 3104 etqui
590 3002 670 3082 duo
687 3005 907 3105 acceperet,
927 3003 1101 3082 lucretus
1119 3001 1273 3082 estella

447 3111 541 3188 duo.
586 3110 664 3208 Qui
708 3121 840 3191 sutem
886 3135 1008 3192 unum
1051 3111 1270 3212 acceperut,

447 3214 586 3295 ebiens
613 3217 714 3296 fodit
736 3219 776 3296 in
804 3227 966 3315 terrum,
996 3227 1036 3298 et
1063 3216 1274 3295 abscendit

447 3323 655 3424 pecuniam
685 3326 837 3404 demini
869 3327 943 3404 sui.
979 3327 1074 3405 Post
1102 3322 1271 3402 multum

445 3429 1269 3535 verutemporisvenitdeminusserrerurn

445 3537 620 3638 illerum,
639 3551 679 3621 et
705 3540 839 3640 pesuit
865 3541 1060 3621 ratieuem
1087 3540 1267 3619 cumeis.

446 3647 494 3725 Et
510 3648 703 3727 accedens
717 3650 785 3751 qui
802 3651 980 3753 quinque
994 3648 1143 3728 talenta
1162 3647 1270 3728 ecce-

444 3755 822 3855 persecutricum
843 3760 1022 3859 quinque
1041 3757 1202 3854 talentu,
1215 3757 1272 3835 di·

444 3884 537 3939 cens
555 3890 564 3938 :
584 3862 768 3961 Demine,
786 3866 966 3969 quinque
984 3864 1133 3945 tulentu
1154 3865 1272 3947 trudi-

1364 745 1427 815 tus
1445 756 1550 815 sum.
1569 732 1635 812 eit
1653 731 1711 810 illi
1724 729 1912 810 deminus
1926 732 2012 832 ejus
2032 758 2041 806 :
2063 730 2184 832 Euge,

1362 865 1472 924 serre
1489 843 1595 922 bone
1609 849 1648 920 et
1661 839 1802 938 fidelis,
1818 841 1913 944 quiu
1927 862 2048 942 super
2060 861 2186 942 peuce

1362 951 1470 1031 fulsti
1498 951 1641 1046 fidelis,
1671 972 1792 1050 super
1824 947 1950 1028 multu
1975 957 2014 1027 te
2039 949 2187 1027 constt-

1363 1070 1473 1140 tuum
1494 1087 1503 1136 ε
1521 1060 1626 1137 intra
1653 1059 1693 1134 in
1721 1056 1909 1158 geudium
1937 1055 2090 1134 demini
2113 1057 2184 1134 tui.

1363 1165 1539 1246 Accessit
1557 1173 1688 1244 eutem
1710 1164 1838 1265 etqui
1857 1164 1938 1243 duo
1956 1162 2105 1242 talentu
2123 1186 2187 1240 ec·

1363 1274 1537 1376 ceperat,
1558 1280 1598 1353 et
1624 1272 1680 1351 uit
1701 1300 1710 1350 :
1732 1272 1919 1369 Demine,
1940 1271 2021 1350 duo
2039 1269 2187 1350 talentu

1363 1381 1564 1460 tradidisti
1581 1380 1695 1478 mihi,
1714 1403 1804 1459 ecce
1822 1379 1900 1457 eliu
1916 1381 1997 1458 duo
2012 1379 2188 1458 lucretus

1363 1513 1466 1570 sum.
1494 1492 1560 1571 eit
1594 1490 1651 1567 illi
1689 1489 1878 1569 deminus
1904 1491 1991 1590 ejus
2022 1516 2030 1564 :
2063 1489 2185 1590 Euge,

1364 1622 1475 1679 serve
1489 1599 1594 1678 bone
1612 1607 1652 1678 et
1666 1596 1808 1694 fidelis,
1820 1597 1915 1698 quie
1930 1618 2051 1698 super
2062 1615 2188 1698 puuca

1363 1705 1471 1786 fuisti
1498 1706 1640 1802 tidelis,
1672 1727 1794 1807 supr-r
1817 1703 1944 1783 multu
1968 1713 2007 1783 te
2041 1701 2188 1783 cunsti-

1363 1822 1488 1914 tuum,
1504 1814 1609 1893 intre
1627 1813 1668 1890 in
1688 1812 1877 1912 geudium
1892 1811 2045 1890 demini
2063 1811 2135 1890 tui.

1414 1915 1552 2008 Oll'ert.
1573 1931 1636 2006 Ps.
1658 1933 1720 2006 88.
1741 1921 1875 2004 lureni
1890 1919 2016 1999 David
2031 1941 2188 1998 serrum

1365 2052 1512 2124 meum,
1533 2028 1623 2108 eleo
1652 2037 1790 2107 sancto
1826 2049 1916 2106 meo
1936 2027 2029 2105 unxi
2062 2048 2185 2105 eum:

1364 2160 1507 2217 munus
1540 2136 1646 2214 enim
1676 2158 1765 2214 meu
1785 2133 2040 2214 auxiliebitur
2065 2135 2115 2231 ei,
2150 2143 2190 2213 et

1363 2244 1572 2323 brechium
1591 2264 1724 2322 meum
1744 2241 1986 2322 confortebit
2007 2264 2113 2322 eum.

1685 2359 1859 2436 Secreta.

1427 2483 1529 2536 ruem
1548 2460 1620 2557 tui,
1646 2482 1874 2561 quaesumus
1898 2458 2081 2554 Demine,
2117 2481 2191 2538 nus

1364 2479 1590 2670 Suntque
1613 2568 1841 2647 laetilicent:
1862 2576 1905 2647 ut
1928 2567 2023 2646 dum
2050 2566 2190 2644 cerum

1364 2673 1506 2756 meritc
1535 2677 1762 2773 recelimus,
1792 2676 2013 2778 patrocinia
2048 2674 2193 2752 sentie-

1365 2803 1470 2862 mus.
1493 2785 1568 2862 Per
1584 2784 1801 2863 Deminum
1824 2793 2020 2862 nostrum.

1415 2901 1668 2978 Curnmuniu.
1712 2901 1803 2976 Luc.
1845 2902 1905 2992 le,
1938 2901 1999 2974 lu.
2046 2889 2193 2974 Fidelis

1364 3023 1503 3080 servus
1538 3013 1578 3080 et
1603 3001 1794 3105 prudens,
1832 3022 1950 3101 quem
1989 2999 2196 3079 constituit

1364 3106 1561 3188 Deminus
1585 3134 1707 3212 super
1732 3109 1924 3187 familiam
1956 3129 2070 3186 suum
2103 3135 2112 3183 ε
2150 3117 2193 3185 ut

1367 3215 1436 3294 det
1451 3216 1532 3295 illis
1550 3218 1789 3319 intempore
1805 3217 1927 3295 trltici
1944 3215 2189 3294 mensurum.

1612 3335 1951 3412 l‘estcummunic.

1363 3453 1567 3627 Pensm,
1617 3455 1871 3534 quaesumus,
1938 3431 2192 3532 omnipotens

1455 3538 1563 3619 Deus
1583 3567 1592 3617 ε
1613 3549 1656 3619 ut
1670 3540 1720 3619 de
1738 3539 1937 3643 perceptis
1956 3535 2190 3619 muneribus
2338 3549 2341 3554 ’

1362 3646 1509 3749 gretius
1522 3648 1770 3747 exhibentes,
1784 3645 2053 3727 intercedente
2078 3645 2193 3724 berito

1364 3754 1672 3859 Hermengeudo
1706 3756 1946 3837 Confessere
1980 3766 2049 3835 tuo
2077 3764 2197 3855 atque

1365 3863 1570 3963 Pontifice,
1589 3865 1781 3944 beneficis
1793 3864 1951 3967 potiere
1970 3863 2191 3943 sumemus.

444 3968 1272 4077 distimilri,ecceelinquinquesuperlucre·
1328 3970 1330 3974 ’
1361 3971 1439 4049 Per
1466 3970 1695 4052 Deminum.

479 4266 671 4322 l‘rucedentes
687 4270 812 4335 quinque
822 4270 917 4323 lllssoe
941 4271 1115 4323 concordent
1136 4286 1201 4325 cum
1214 4273 1411 4390 Orlffilnulibus
1422 4290 1440 4325 u
1450 4274 1478 4326 S.
1493 4272 1526 4327 R.
1537 4277 1569 4329 C.
1582 4276 1683 4329 revisis
1693 4280 1723 4329 et
1745 4277 1909 4341 approbntls
1925 4278 2098 4344 quspruptcr
2112 4277 2189 4344 typis

447 4336 574 4386 mundari
592 4344 721 4400 possunt.
739 4338 769 4389 ld
787 4340 882 4405 lpsum
896 4338 930 4389 du
944 4338 1060 4389 totidem
1077 4340 1257 4403 mtjnnctisO
1289 4342 1344 4391 clls
1356 4344 1505 4393 testemur.

579 4420 755 4487 Urgellrr,91
773 4422 839 4486 llujl
858 4419 927 4471 1877.

1440 4582 1665 4635 AUGUSTINUS
1685 4586 1830 4647 llllESCO,
1847 4609 1875 4645 r.
1892 4608 1922 4659 g.
1941 4596 2011 4661 gub.

1298 4677 1339 4729 De
1353 4675 1491 4732 Pertltrls.
1505 4680 1558 4731 unt
1571 4678 1718 4734 vreden
1730 4694 1764 4735 uc
1778 4682 1997 4737 DloecesisGub.
2009 4684 2154 4748 mundato,

1455 4774 1596 4826 crunnus
1615 4778 1724 4837 preci,
1741 4784 1992 4848 pro-Secretsrtus.

500 5974 592 6029 lituu.
619 5968 744 6024 PROPR.
777 5966 920 6023 unusne.

1095 6100 1222 6149 Ιιειυιιι,
1232 6098 1258 6137 ΙΙ.
1272 6084 1366 6137 liuius.
1376 6118 1401 6127 -
1413 6108 1550 6139 ιιακιιινιι.
