5325 7200
717 1186 1120 1466 hissa
1196 1228 1790 1479 Phouuuu
1983 1226 1990 1237 ’

532 1793 687 1925 Pho
757 1796 1058 1931 suNoTu
1114 1803 1495 1938 GENUENSI
1556 1806 1940 1939 decausis.

1043 2197 1428 2233 *w—

607 2576 665 2629 lttu
692 2582 718 2632 l.
749 2580 954 2635 htdtllllltls.

436 2653 484 2733 S.
513 2654 697 2755 ELlGll,
726 2656 1089 2741 CONFESSORIS.

568 2766 765 2848 lutroitus
787 2766 898 2843 Eruli.
926 2772 986 2847 45.

1270 2560 1341 2641 dat
1366 2562 1543 2667 gretiam.
1571 2562 1848 2646 humiliemini
1875 2566 1994 2671 igitur
2025 2570 2102 2653 sub

1271 2661 1422 2761 potenti
1448 2684 1569 2742 uranu
1596 2664 1694 2760 Dei,
1722 2672 1765 2744 ut
1789 2687 1860 2746 vos
1892 2670 2038 2750 cueltct
2056 2672 2096 2749 iu

1270 2768 1451 2875 tempore
1476 2770 1728 2853 visitatieuis.

435 2896 572 2951 aarum
602 2872 639 2951 ei
674 2873 872 2953 Dominus
900 2876 1184 2959 testamentum
1328 2877 1538 2958 Gradualc.
1561 2875 1678 2955 Eccli.
1704 2878 1765 2952 -l-l.
1798 2874 2100 2966 liccesacerdos

350 2885 431 3171 S
463 2980 604 3083 pacis,
631 2988 667 3059 et
694 2981 918 3091 principem
947 2983 1042 3063 fecit
1068 3010 1183 3087 eum,

464 3098 512 3167 ut
538 3088 588 3165 sit
614 3086 672 3165 illi
700 3088 913 3168 sacerddtii
942 3090 1114 3194 dignitas
1142 3096 1183 3174 iu

349 3194 563 3274 aeteruum.
591 3200 649 3277 l's.
672 3205 756 3277 151.
775 3200 808 3277 lll
818 3196 989 3293 cmeuto,
1001 3199 1183 3300 Domine,

349 3300 509 3399 David,
536 3310 576 3382 et
592 3302 724 3382 omnis
747 3306 1070 3389 mansuetndinis
1085 3312 1182 3411 ejus.

361 3416 393 3491 l.
416 3408 561 3490 Gleria
589 3408 706 3489 Patri.

699 3524 851 3605 Oratio.

362 3705 365 3714 ,
422 3648 532 3705 araus
560 3625 696 3724 nobis,
714 3649 970 3730 quaesumuS,
998 3629 1182 3730 Decrius,

361 3649 674 3840 Tsingulerem
694 3737 821 3816 sancti
854 3737 989 3840 Eligii,
1019 3739 1181 3820 Coulcs·

350 3837 453 3922 sdris
484 3844 541 3922 tui
561 3853 682 3946 atque
702 3845 917 3942 pontilicis,
944 3847 1179 3926 charitatem

352 3949 522 4042 imiteri;
562 3961 606 4031 ut
646 3951 754 4031 illius
792 3952 932 4034 merita
969 3955 1007 4033 in
1036 3955 1180 4056 splritu

352 4062 391 4132 el
425 4059 591 4138 veritete
623 4058 882 4139 celebremus.
936 4062 1010 4141 Per
1047 4063 1183 4144 Demi·

353 4191 460 4253 num.

366 4280 502 4362 Lectio
530 4281 834 4386 llplstolaebeeti
856 4283 957 4364 Petri
978 4285 1175 4388 hpestoli.

693 4403 723 4474 l.
753 4419 789 4474 c·
819 4400 855 4474 h.

416 4521 565 4578 auronae
591 4521 712 4603 argo,
752 4499 820 4601 qui
848 4499 888 4577 iu
916 4499 1032 4580 vohis
1059 4507 1177 4596 suut,

431 4607 600 4686 ebsecro
611 4606 824 4688 consenior
838 4615 877 4686 et
895 4609 1006 4688 testis
1027 4609 1176 4689 Christi

352 4713 608 4808 passionum:
636 4714 705 4816 qui
733 4717 909 4815 eteius,
937 4739 1028 4817 qum
1054 4717 1094 4794 in
1122 4717 1141 4794 l
1165 4761 1179 4776 ·

353 4817 438 4900 tuiro
471 4821 684 4901 revellenda
723 4829 809 4918 est,
836 4821 974 4924 glerise
1002 4845 1176 4904 commu·

353 4926 506 5008 nicetor
535 4955 544 5008 z
576 4929 753 5026 Pescite,
780 4931 851 5032 qui
884 4930 925 5008 in
955 4931 1068 5010 robis
1095 4939 1177 5027 est,

351 5055 505 5139 gregem
533 5037 605 5116 Dei
621 5099 630 5132 ,
649 5037 908 5139 providentes
927 5059 1007 5116 aon
1029 5038 1177 5136 coecte,

351 5145 419 5222 sed
445 5145 664 5248 sponteuce
682 5143 904 5226 secundum
936 5145 1079 5238 Deum,
1109 5169 1179 5225 ne·

352 5271 424 5350 que
450 5251 579 5354 turpis
606 5251 707 5331 lucri
734 5252 878 5355 gretia,
906 5251 978 5331 sed
997 5253 1180 5334 volunte-

350 5357 429 5448 rie;
457 5383 586 5462 neque
615 5368 658 5436 ut
685 5358 944 5438 domiueutcs
970 5360 1011 5437 in
1040 5360 1180 5459 cleriS,

354 5465 422 5543 sad
462 5465 594 5546 forma
633 5465 727 5546 lacti
763 5465 896 5569 gregis
929 5489 977 5546 ex
1003 5465 1180 5548 inimo:

355 5580 495 5654 etcum
508 5573 939 5676 apparderitprincaps
958 5573 1179 5676 pasterum,

356 5679 959 5782 percipietisimmarcescibilem
973 5680 1185 5783 gldriaeco·

356 5785 503 5866 renam.
523 5786 715 5867 Similiter
739 5787 1010 5868 adolescentes
1036 5788 1185 5870 sdbditi

355 5895 478 5974 estete
501 5893 736 5974 semitribus.
766 5894 917 5974 Omnes
942 5903 1073 5974 autem
1089 5897 1188 5977 invi-

355 6023 437 6080 cem
458 6000 721 6081 humilitetem
741 6002 951 6098 insinuete,
966 6003 1061 6104 quia
1081 6001 1186 6086 Deus

356 6108 538 6210 superbis
581 6107 757 6207 resistit,
785 6109 1005 6192 humilibus
1048 6119 1183 6194 autem

405 6239 514 6297 uisse
540 6241 640 6296 auor.
673 6241 749 6298 ceu.

1269 3006 1462 3089 maguus,
1490 2988 1560 3091 qui
1595 2988 1636 3065 iu
1671 2986 1815 3068 diebus
1842 2990 1925 3069 suis
1951 2992 2104 3092 plecuit
2135 3014 2139 3021 ·

1268 3092 1364 3173 Deo.
1392 3094 1526 3175 thou
1558 3104 1617 3175 est
1651 3094 1836 3177 inventus
1864 3097 2008 3179 similis
2039 3100 2098 3181 illi

1266 3200 1337 3302 qui
1361 3202 1613 3282 conserviret
1629 3202 1757 3305 legem
1783 3203 1950 3283 Excelsi.

1325 3310 1519 3405 Alleluia,
1533 3308 1704 3390 alleldia.
1719 3306 1756 3399 l.
1777 3304 1839 3383 l‘s.
1861 3308 1944 3383 too.
1968 3310 2027 3392 'lu
2056 3334 2100 3393 es

1265 3416 1453 3497 sacerdos
1509 3420 1549 3495 iu
1606 3418 1824 3517 aeteruum,
1875 3420 2098 3503 sechudum

1263 3522 1449 3605 erdinem
1475 3524 1781 3604 Melchisedech.
1805 3526 1986 3608 Alleluia.

1275 3635 1501 3736 Sequentia
1518 3634 1645 3714 sancti
1657 3633 1862 3740 Evangelii
1878 3636 2098 3718 secdudum

1477 3743 1722 3822 Matthoeum.
1761 3757 1797 3813 c·
1824 3737 1887 3813 ἒξ).

1319 3873 1343 3928 u
1368 3849 1438 3930 illo
1464 3851 1672 3954 tempore:
1698 3850 1808 3930 Dixit
1832 3851 1951 3932 lesus
1969 3849 2097 3931 disci-

1277 3887 1308 4038 Ι
1342 3957 1450 4060 pulis
1467 3961 1550 4039 suis
1568 3957 1802 4061 pareholam
1814 3959 1919 4038 hanc
1936 3989 1945 4039 ε
1965 3957 2099 4041 Homo

1263 4065 1428 4170 peregre
1465 4067 1727 4170 proficiscens
1769 4067 1929 4146 accesit
1962 4088 2099 4148 seruos

1263 4196 1384 4271 suos,
1419 4184 1458 4254 et
1483 4173 1651 4254 tredidit
1674 4173 1756 4254 illis
1788 4174 1895 4254 hona
1921 4197 2005 4253 sua.
2049 4177 2100 4255 llt

1263 4283 1332 4360 uni
1351 4282 1464 4363 dedit
1481 4285 1661 4386 quinqua
1679 4282 1853 4380 talenta,
1873 4281 1944 4360 elii
1961 4289 2097 4362 autem

1266 4387 1366 4486 duo,
1393 4391 1463 4470 elii
1490 4414 1583 4471 vero
1611 4412 1762 4488 unum,
1789 4389 2010 4492 uuicuique
2040 4415 2100 4471 se·

1267 4497 1446 4577 cendum
1473 4498 1681 4602 propriam
1706 4497 1917 4594 virtdtem,
1944 4507 1983 4576 ct
2009 4522 2099 4600 pro·

1268 4603 1393 4684 lectus
1425 4617 1486 4686 est
1519 4606 1665 4685 statim.
1704 4605 1815 4685 Abiit
1855 4614 1988 4689 autem
2027 4607 2096 4707 qui

1268 4714 1450 4816 utrinque
1487 4709 1638 4793 talenta
1677 4714 1909 4815 acceperat,
1935 4721 1976 4791 et
2004 4734 2098 4816 ope·

1268 4822 1377 4901 retus
1402 4829 1464 4901 est
1488 4822 1529 4900 iu
1557 4822 1635 4918 eis,
1662 4831 1702 4900 et
1727 4821 1905 4899 lucretus
1932 4819 2095 4897 ostelia

1267 4930 1459 5032 quinque.
1486 4929 1681 5010 Similiter
1706 4927 1841 5028 etqui
1873 4924 1955 5004 duo
1980 4926 2095 5004 acce-

1262 5047 1402 5140 perat,
1441 5037 1618 5116 lucretus
1657 5045 1719 5116 est
1755 5034 1835 5112 elia
1871 5033 1966 5111 duo.
2009 5031 2094 5130 eri

1262 5153 1397 5224 autam
1420 5165 1545 5222 uuum
1568 5143 1802 5246 acceperat,
1829 5138 1970 5219 ehiens
1987 5137 2094 5218 fodit

1265 5253 1305 5330 in
1350 5261 1526 5350 terram,
1563 5261 1604 5332 ct
1637 5247 1851 5330 abscondit
1882 5245 2094 5351 pecliniam

1264 5360 1418 5440 domiui
1447 5361 1523 5441 sui.
1560 5360 1656 5440 Post
1681 5358 1851 5440 multum
1877 5378 1972 5436 uero
1998 5354 2096 5435 tem·

1265 5467 1377 5570 poris
1403 5467 1512 5548 veuit
1543 5466 1740 5548 domiuus
1768 5463 1975 5544 serverum
2002 5461 2096 5540 ille·

1267 5597 1380 5670 rum,
1417 5582 1457 5654 et
1494 5574 1631 5677 posuit
1667 5572 1864 5652 rationem
1897 5591 1990 5648 cum
2020 5569 2092 5648 eis.

1271 5681 1324 5762 Et
1347 5680 1542 5761 accedens
1567 5682 1637 5783 qui
1665 5680 1848 5782 quinqua
1867 5677 2013 5756 talenta
2030 5698 2095 5758 ac·

1268 5790 1450 5892 ceperat,
1476 5789 1624 5870 obtulit
1642 5789 1719 5870 elia
1736 5788 1915 5891 quinque
1932 5785 2094 5889 talenta,

1269 5895 1407 5974 diceus
1424 5895 1637 5992 :Domine
1656 5893 1834 5997 quinque
1852 5892 2000 5974 talenta
2012 5903 2085 5974 tra·

1270 6001 1409 6082 didisti
1434 6003 1559 6102 mihi,
1587 6025 1680 6082 ecce
1708 6001 1785 6080 elia
1811 6001 1991 6104 quinque
2025 6025 2090 6082 su·

1273 6111 1522 6213 perlucretus
1568 6133 1670 6192 sum.
1712 6111 1779 6192 uit
1815 6109 1874 6199 illi
1901 6108 2090 6194 domiuus
