5325 7200
1040 1020 1086 1089 ts
1368 1013 1437 1091 Die
1455 1016 1495 1113 ij.
1517 1012 1672 1089 Juniis,
1699 1012 1863 1091 Photoni
1882 1028 1922 1093 et
1946 1016 2033 1093 Soc.

1196 1161 1342 1235 FESTA
1361 1162 1497 1238 JUNli.
1710 1172 1790 1247 est,
1828 1157 2057 1257 tandemque
2092 1172 2187 1258 post
2222 1158 2390 1233 biduum

1195 1268 1276 1341 DIE
1297 1268 1341 1341 ll.
1361 1267 1496 1342 JUNlt.
1709 1259 1875 1333 inimam
1895 1256 2095 1331 exhalarit.

1019 1364 1085 1441 88.
1103 1362 1397 1461 Photini,Episc.
1406 1375 1445 1435 et
1460 1362 1669 1439 Sustine
1943 1366 2067 1437 Lectio
2094 1392 2135 1443 v.

1178 1464 1319 1536 Semid.
1349 1464 1399 1535 ad
1423 1461 1522 1535 libit.
1809 1492 1936 1539 trusus
1958 1492 2044 1539 reru
2074 1465 2214 1565 neoph
2248 1478 2326 1555 tus,
2360 1480 2397 1539 et

1071 1562 1208 1635 Omnia
1220 1562 1267 1635 de
1281 1566 1429 1638 Comm.
1443 1562 1543 1661 plur.
1558 1562 1669 1635 Mart.
1821 1581 1971 1640 sanctus
1988 1492 2398 1641 Diaconustiienntn-

883 1702 888 1709 ·
1022 1676 1157 1761 praeter
1182 1688 1278 1835 seq„
1313 1664 1459 1737 Oratio.
1487 1667 1591 1737 Deus
1608 1663 1673 1761 qui
1711 1668 1773 1755 sis,
1793 1689 1879 1739 cnm
1901 1664 2260 1739 Blandinaancilla
2279 1666 2395 1765 pluri·

1025 1763 1226 1837 nosconce'
1255 1763 1298 1861 is.
1711 1763 1856 1863 btisque
1875 1764 1971 1854 iliis,
1991 1763 2095 1839 ducti
2114 1764 2287 1839 suntad
2322 1764 2391 1841 be·

1072 1866 1114 1935 ln
1132 1864 1158 1955 i.
1177 1862 1292 1962 Vesp.
1314 1888 1416 1940 com.
1433 1864 1500 1937 SS.
1519 1862 1674 1936 Marcel·
1715 1866 1808 1939 stias
1826 1866 1866 1937 in
1884 1862 2393 1963 amphitheatrumEtllla·

1023 1962 1104 2055 lini,
1134 1965 1248 2057 Petri,
1271 1964 1432 2059 Erasmi‚
1457 1963 1586 2053 Mart,
1606 1989 1674 2062 per
1715 1965 1819 2038 tricus
1852 1964 2007 2063 quidem
2037 1978 2076 2039 et
2101 1966 2282 2039 Sanctus
2318 1966 2391 2039 illic

1021 2062 1176 2134 Airame
1194 2062 1314 2136 Laud.
1326 2064 1436 2139 Orat.
1451 2077 1495 2136 ut
1512 2065 1550 2135 in
1562 2065 1671 2136 Brev.
1713 2063 1926 2137 consuetail
1976 2064 2103 2136 rorum
2116 2062 2297 2137 verbera
2305 2090 2392 2163 per·

1073 2163 1114 2233 ln
1135 2162 1167 2257 j.
1194 2162 1304 2237 Noct.
1331 2165 1435 2238 Lect.
1463 2162 1671 2262 descript.
1716 2162 1896 2254 tulerunt,
1913 2089 2174 2237 elisosritrum
2191 2164 2301 2263 ipsos
2321 2179 2389 2238 tra·

1022 2284 1171 2336 occurr.
1715 2262 1887 2336 hentium
1905 2286 2066 2351 morsus,
2087 2263 2219 2361 ipsam
2241 2265 2390 2362 postri-

1123 2364 1166 2435 ln
1183 2360 1352 2435 secundo
1366 2362 1575 2436 Nocturno.
1715 2388 1778 2435 mo
1796 2362 1956 2436 ferream
1974 2361 2223 2453 cathedram,
2246 2365 2311 2436 cui
2324 2390 2389 2437 su-

1028 2469 1084 2541 Ex
1106 2466 1273 2567 Epistola
1299 2465 1547 2541 Ecclesidrum
1565 2468 1681 2542 Vien-
1716 2462 1903 2561 perposita
1934 2462 2146 2562 Martyrum
2204 2462 2387 2536 membra

1078 2566 1203 2641 nensis
1233 2579 1272 2641 et
1297 2559 1558 2665 Lugdunensis
1583 2566 1631 2641 ad
1716 2586 1803 2635 cum
1823 2560 2072 2650 torrerentur,
2091 2560 2257 2635 illorum
2278 2587 2387 2635 nares

1077 2664 1261 2739 Ecclesias
1281 2666 1375 2739 Asire
1391 2678 1431 2739 et
1446 2665 1628 2767 Phrygiae.
1717 2660 1997 2734 molestissimus
2028 2662 2143 2735 nidor
2175 2660 2382 2761 implebat.

1247 2762 1376 2836 Lectio
1401 2764 1451 2837 ir.
1716 2762 1762 2832 Hi
1805 2784 1909 2861 ergo,
1953 2760 2120 2834 maximo
2169 2761 2385 2833 certamine

1097 2887 1288 2939 mnssruus
1306 2862 1487 2937 Photinus
1511 2863 1682 2937 Ecclesiae
1717 2859 2381 2961 perfuncti,tandemjugulatisunt.

1145 2962 1404 3063 Lugdunensis
1446 2964 1679 3063 Episcopus,
1718 2958 1901 3032 Blandina
1915 2972 2056 3048 autem,
2078 2958 2127 3032 ad
2143 2960 2282 3058 palurn
2302 2984 2383 3033 sus-

973 3056 976 3063 ’
1028 3062 1285 3161 nonagenirio
1313 3062 1448 3160 major¹
1468 3062 1518 3135 ob
1548 3066 1682 3161 corpo-
1719 3059 1833 3157 pe'nsa
1855 3057 1981 3133 bestiis
2005 3054 2184 3156 subie'cta
2202 3073 2275 3133 est.
2297 3059 2383 3153 Qnae

1030 3161 1080 3231 ris
1113 3158 1376 3235 infirmititem
1410 3163 1473 3235 vix
1508 3161 1681 3260 spiritum
1718 3182 1804 3231 cum
1830 3159 1870 3231 in
1895 3158 2017 3232 crucis
2033 3158 2204 3259 speciem
2223 3159 2381 3257 suspe'n-

1030 3257 1213 3349 trahens,
1256 3258 1321 3333 sed
1390 3283 1441 3335 rae
1478 3258 1683 3360 cupidititc
1718 3282 1758 3330 sa
1788 3256 2018 3347 cernere'tur,
2060 3259 2221 3359 Deoque
2256 3260 2382 3333 inten-

1030 3358 1200 3457 martyrii
1224 3360 1320 3433 mira
1346 3284 1540 3434 alacritrite
1566 3353 1682 3433 animi
1720 3357 1859 3431 tissime
1892 3354 2132 3457 supplicium,
2171 3359 2378 3433 maximam

1030 3456 1215 3549 firmitus,
1240 3459 1289 3531 ad
1315 3458 1481 3533 tribunal
1505 3459 1685 3533 trahebri-
1719 3456 1952 3531 alacrititem
1990 3456 2160 3533 adde'bat
2198 3458 2380 3533 certanti-

1032 3571 1103 3633 tur.
1124 3556 1206 3653 Quo
1231 3582 1253 3634 a
1277 3559 1459 3636 militibus
1488 3560 1681 3660 perlitus,
1719 3554 1789 3632 bus
1803 3582 1816 3650 3
1848 3558 1987 3657 quippe
2021 3558 2085 3656 qui
2124 3556 2201 3632 sub
2245 3558 2380 3632 sororis

1030 3658 1343 3757 prosequentibus
1373 3661 1493 3760 ipsum
1525 3660 1684 3733 civitatis
1719 3659 1878 3754 persona
1891 3658 2215 3732 cernerentillum
2231 3658 2296 3759 qui
2315 3681 2380 3756 pro

1031 3757 1322 3870 magistratibus,
1339 3773 1378 3832 et
1390 3759 1562 3832 univc'rsa
1576 3758 1685 3858 plebe
1720 3757 1808 3854 ipsis
1844 3757 2049 3832 crucifixus
2090 3772 2163 3832 est.
2210 3760 2378 3854 Cumque

1031 3856 1146 3930 uiuis
1177 3881 1264 3930 eum
1298 3858 1525 3932 clamoribus
1563 3861 1684 3958 impe·
1719 3855 1822 3930 nulla
1859 3870 1948 3928 tunc
1979 3855 2098 3930 bestia
2134 3882 2280 3957 corpus
2304 3857 2379 3954 ejus

1033 3955 1155 4046 tinto,
1178 3969 1371 4055 tamquam
1405 3959 1483 4056 ipse
1517 3958 1685 4032 Christus
1720 3956 1927 4054 attigisset,
1964 3955 2135 4056 deposita
2170 3983 2219 4030 ex
2255 3957 2377 4054 stipite

1031 4068 1139 4144 esset,
1160 4056 1354 4156 egregium
1372 4055 1491 4132 e'didit
1520 4057 1685 4131 testimri-
1721 4080 1849 4128 rursus
1877 4055 1915 4126 in
1942 4056 2131 4130 crircercm
2162 4056 2373 4155 conjicitur,

1032 4155 1153 4228 nium.
1187 4157 1440 4258 interrogatus
1470 4183 1494 4230 a
1527 4157 1685 4235 Praeside
1721 4155 1759 4226 in
1776 4152 1879 4228 iliud
1896 4156 2089 4228 certamen
2104 4158 2313 4230 reservata.

1031 4253 1204 4352 quisnam
1268 4269 1325 4328 est
1387 4255 1684 4330 Christianorum
1939 4273 2067 4348 Lectio
2083 4273 2136 4371 vj,

1032 4353 1145 4442 Deus,
1163 4352 1354 4470 respondit
1371 4381 1380 4426 ε
1401 4356 1439 4428 Si
1452 4355 1589 4456 dignus
1606 4357 1684 4429 tte·
1759 4387 1890 4434 ueunrc
1903 4362 2062 4436 solemni
2076 4365 2183 4462 apud
2197 4389 2268 4437 nos
2282 4387 2373 4436 mer·

982 4503 985 4513 .
1032 4451 1095 4539 ris,
1115 4467 1325 4552 cognosces.
1347 4455 1435 4528 Post
1462 4454 1555 4543 haec,
1575 4457 1669 4530 inhu
1710 4383 1870 4556 lectu,
1881 4463 2019 4536 Proeses
2031 4463 2272 4538 beatissimos
2282 4461 2370 4536 lla'r·
2431 4516 2432 4523 .

1032 4551 1143 4624 maine
1189 4553 1359 4650 raptatus
1401 4555 1685 4630 ct·innrimeris
1722 4573 1819 4658 tyres
1836 4560 1885 4634 ad
1907 4559 2071 4636 tribunal
2091 4562 2206 4660 jubet
2223 4559 2370 4642 adduci,

1032 4649 1151 4750 plagis
1172 4649 1329 4724 allectus
1358 4666 1415 4726 est
1437 4678 1523 4728 cum
1548 4655 1574 4728 ii
1601 4657 1685 4754 qui·
1722 4673 1913 4758 tamquam
1928 4660 1966 4732 iu
1979 4661 2152 4737 theatrali
2165 4685 2370 4763 pompaeos
2430 4660 2431 4679 .

1032 4747 1121 4822 dem
1148 4751 1211 4848 qui
1232 4750 1383 4849 propius
1400 4752 1588 4844 astabant,
1607 4756 1685 4828 cril-
1722 4760 1866 4858 populis
1882 4758 2085 4836 oste'ntans.
2103 4765 2277 4862 Cumque
2295 4759 2371 4832 illos
2429 4808 2430 4835 .

1033 4847 1139 4921 cibus
1156 4863 1194 4923 et
1212 4851 1346 4950 pugnis
1362 4851 1469 4924 illum
1488 4867 1685 4926 contume·
1709 4857 1845 4932 denuo
1879 4859 2169 4983 interrogasset,
2200 4859 2369 4960 quietim·

1032 4947 1123 5022 lidse
1141 4948 1362 5048 appeterent
1374 4974 1386 5042 3
1414 4953 1477 5050 qui
1497 4975 1585 5026 vero
1601 4952 1685 5026 lon·
1721 4983 1793 5055 que
1811 4959 1909 5032 cives
1926 4961 2086 5041 Romani
2107 4989 2145 5038 re
2174 4963 2245 5037 e'rti
2272 4969 2366 5038 sunt,
2428 4924 2429 4991 l

1033 5047 1115 5146 gius
1159 5046 1389 5164 distabant&
1410 5049 1595 5151 quidquid
1637 5053 1684 5126 ad
1720 5051 1843 5154 eripite
1868 5061 2077 5150 truncaritj
2106 4990 2270 5161 reliquos
2298 5055 2366 5129 trrt·
2427 5070 2428 5147 l

1034 5169 1191 5220 manum
1209 5161 1302 5242 erat,
1322 5171 1361 5220 in
1380 5175 1504 5249 ipsum
1523 5152 1686 5250 conjice·
1720 5153 1817 5228 didit
1846 5157 1984 5230 bestiis.
2014 5161 2102 5232 Post
2126 5162 2196 5234 hos
2227 5179 2364 5238 omnes,

1037 5257 1143 5336 rent;
1163 5272 1295 5321 omnes
1318 5247 1481 5348 denique
1509 5251 1685 5350 gravissi·
1722 5255 1855 5329 ultimo
1887 5257 2038 5330 tandem
2074 5257 2363 5358 spectaculorum

1034 5345 1086 5415 mi
1105 5345 1242 5440 piriculi
1258 5371 1340 5420 reos
1355 5371 1395 5420 se
1412 5350 1683 5437 existimarent,
1721 5353 1794 5441 die,
1817 5355 2002 5430 Blandina
2019 5382 2148 5433 rursus
2174 5359 2277 5432 illita
2300 5363 2362 5433 est,
2425 5372 2426 5459 l

1034 5441 1105 5556 nisi
1120 5468 1190 5614 pro
1207 5469 1273 5518 sua
1291 5459 1396 5544 parte
1413 5449 1448 5520 ei
1474 5443 1687 5546 petulanter
1723 5478 1797 5527 una
1820 5479 1906 5528 cum
1938 5457 2092 5532 Pontico
2121 5453 2361 5533 adolescente.

1034 5543 1270 5618 insularem.
1304 5544 1448 5620 Exinde
1474 5548 1535 5620 vix
1561 5549 1686 5626 adhuc
1723 5567 1813 5627 nato
1834 5554 2048 5653 quindecim
2068 5558 2218 5634 circiter
2239 5573 2361 5629 aurms.

1018 5641 1180 5740 ,spirans
1209 5643 1248 5718 in
1277 5645 1469 5720 circerem
1499 5649 1686 5747 projectus
1721 5653 1771 5727 Et
1802 5655 1978 5730 Ponticus
2013 5657 2196 5756 quidem,
2237 5660 2361 5729 cuncta

2421 5792 2423 5927 r
