5325 7200
550 849 601 924 ιθ
1193 833 1386 935 Dieuvj.
1404 833 1663 936 Septembris.

549 1012 687 1113 speetu
721 1009 894 1088 filiorum
927 1007 1060 1088 lsrael.
1094 1008 1380 1112 ingressisque

552 1121 708 1220 Moyses
737 1117 912 1195 medium
940 1117 1120 1212 nebulae,
1140 1119 1318 1197 ascendit
1338 1120 1378 1196 in

552 1235 728 1306 montem
748 1253 757 1304 ε
777 1235 816 1302 et
841 1225 915 1303 suit
931 1225 987 1302 ibi
1012 1225 1276 1328 quadraginta
1295 1226 1381 1305 die-

552 1334 639 1431 bus,
655 1343 694 1414 et
708 1331 971 1435 quadraginta
987 1333 1182 1412 noctibus.

609 1435 821 1518 Graduaie.
854 1437 914 1515 Ps.
939 1439 1001 1516 56.
1029 1437 1081 1518 Os
1096 1441 1191 1540 justi
1217 1441 1383 1520 medite-

548 1549 659 1629 bitur
692 1548 955 1650 sapientiam,
984 1555 1023 1627 et
1050 1547 1184 1652 lingua
1214 1551 1298 1650 ejus
1324 1551 1381 1629 lo·

537 1658 697 1759 ‚quetur
719 1655 933 1758 judicium.
961 1657 997 1736 i.
1020 1656 1100 1734 Lex
1131 1657 1202 1736 Dei
1227 1661 1311 1757 ejus
1338 1659 1379 1734 in

544 1765 666 1844 corde
689 1765 842 1867 ipsius:
861 1771 901 1844 et
920 1787 1000 1844 non
1017 1765 1381 1867 supplantabuntur

547 1897 705 1970 gressus
724 1877 821 1974 ejus.

595 1979 776 2072 ΑιΙιΙιιίιι,
798 1979 968 2060 alleluiis.
992 1982 1028 2060 i.
1050 1979 1111 2057 Ps.
1137 1984 1217 2056 ιιι.
1235 1980 1379 2060 Beotus

546 2089 618 2186 vir,
638 2089 708 2191 qui
724 2090 838 2166 timet
853 2088 1071 2167 Dominum
1090 2117 1098 2166 ε
1118 2088 1157 2166 in
1180 2089 1379 2168 mandetis

545 2197 634 2296 ejus
654 2195 766 2296 cupit
784 2195 915 2290 nimis,
934 2195 1103 2274 alleioia.

546 2302 759 2406 Sequentia
786 2305 921 2381 sancti·
935 2305 1134 2408 Evangelii
1156 2303 1376 2384 secondum

767 2419 1009 2499 Matthaeum.
1032 2437 1067 2492 c.
1092 2419 1151 2492 17.

546 2534 604 2705 Ιιι
639 2535 708 2614 iilo
739 2536 955 2640 tempore:
1001 2538 1226 2642 ossompsit
1257 2541 1374 2619 iesus

608 2643 792 2742 Petrum,
822 2654 860 2723 et
877 2646 1085 2744 iacobum,
1112 2657 1151 2725 et
1176 2647 1371 2727 Joennem

542 2747 707 2828 fratrem
723 2754 819 2849 eius,
839 2760 878 2832 et
894 2753 1008 2832 duxit
1023 2754 1114 2832 illos
1136 2756 1174 2832 in
1196 2765 1371 2834 montem

543 2857 743 2938 excelsum
775 2859 973 2959 seorsum,
1005 2872 1043 2941 ct
1069 2865 1372 2964 transfiguretus

542 2976 707 3046 estante
723 2991 802 3048 eos.
827 2970 874 3048 Et
891 2971 1138 3072 resplenduit
1152 2971 1271 3050 socies
1288 2973 1372 3070 ejus

541 3073 647 3152 sicut
666 3074 738 3172 soi,
756 3073 992 3157 vestimenta
1011 3089 1142 3159 autem
1162 3082 1246 3180 ejus
1269 3080 1372 3156 sucta

543 3191 638 3259 sunt
660 3181 750 3260 niba
774 3183 878 3264 sicut
903 3186 981 3264 nix.
1007 3189 1054 3266 Et
1071 3209 1162 3266 eece
1180 3185 1372 3289 apparue-

541 3295 636 3367 runt
664 3289 742 3368 iliis
761 3291 917 3393 Moyses
946 3303 985 3372 et
1007 3293 1113 3373 Elias
1129 3317 1219 3374 cum
1244 3317 1291 3374 eo
1313 3293 1372 3374 ln·

538 3395 717 3496 quentes.
754 3399 1016 3502 Respondeas
1044 3411 1176 3482 autem
1209 3402 1370 3498 Petrus,

538 3503 642 3581 dixit
670 3504 722 3582 ad
752 3507 915 3587 iesum:
938 3510 1290 3607 nominationum
1311 3519 1372 3589 est

542 3632 616 3689 nos
641 3612 706 3691 hic
724 3636 834 3695 esse.
855 3618 887 3695 si
911 3618 982 3715 ris,
1002 3619 1193 3699 iaciemus
1211 3620 1277 3697 hic
1294 3620 1371 3697 triu

540 3717 817 3817 tabernecula,
836 3724 909 3802 tibi
928 3748 1048 3804 unum
1052 3728 1209 3829 ,Moysi
1232 3750 1370 3827 unum,

539 3833 581 3901 et
612 3826 708 3905 Eiioe
742 3852 877 3908 unum.
912 3833 1053 3913 Adhuc
1088 3858 1135 3915 eo
1170 3836 1369 3937 loquente,

541 3954 634 4009 ecce
650 3934 777 4013 nubes
795 3936 930 4016 lucida
949 3940 1205 4022 obumbrorit
1223 3965 1302 4022 eos.
1322 3946 1372 4023 m

541 4059 634 4118 ecce
653 4062 725 4119 vox
744 4042 794 4121 de
818 4046 935 4140 nube,
952 4047 1117 4129 diceus:
1109 4051 1212 4129 ·Hic
1230 4062 1290 4130 est
1308 4052 1372 4128 Fi-

393 4236 398 4243 ,
504 4138 508 4149 '
539 4144 617 4226 lius
637 4170 749 4229 meus
776 4151 994 4253 dilectus,
983 4180 1023 4233 ιιι
1044 4180 1124 4261 quo
1145 4158 1242 4235 mihi
1270 4159 1369 4238 bene

537 4256 818 4357 complicui:
807 4284 939 4363 ipsum
958 4265 1105 4344 audite
1135 4266 1182 4345 Et
1208 4265 1370 4345 audien·

535 4369 594 4440 tes
623 4364 831 4467 discipuli,
868 4370 1099 4451 ceciderunt
1141 4376 1180 4453 in
1226 4372 1368 4452 sociem

535 4490 673 4564 suam,
696 4484 735 4550 et
753 4474 973 4556 timuerunt
989 4478 1115 4559 vaide.
1138 4482 1185 4559 Et
1202 4482 1370 4561 accessit

534 4577 663 4675 Jesus,
678 4591 717 4659 et
736 4582 865 4685 tetigit
882 4608 961 4681 eos,
982 4586 1159 4691 dixitque
1178 4591 1258 4667 ιιι.
1277 4588 1369 4667 Sirr-

536 4686 625 4785 gite,
646 4696 685 4765 et
703 4690 825 4769 notite
849 4692 997 4773 timere.
1021 4695 1211 4775 Leventes
1235 4706 1366 4775 autem

535 4794 675 4873 oculos
704 4818 811 4895 suos,
838 4800 1037 4879 neminem
1066 4804 1262 4900 viderunt,
1290 4804 1367 4883 nisi

536 4899 668 4981 solum
686 4902 834 4983 iesum.
856 4908 904 4986 Et
923 4908 1258 4991 descendentibus
1287 4912 1367 4991 iilis

538 5007 589 5085 de
604 5020 740 5089 monte
741 5017 1008 5119 ,praecepit
974 5041 1032 5097 ers
1049 5018 1178 5115 Jesus,
1198 5020 1365 5098 dicens:

537 5114 694 5195 Nemini
739 5118 919 5201 dixeritis
962 5125 1195 5223 visionem,
1236 5128 1365 5207 donec

533 5222 657 5303 Filius
677 5224 851 5305 hominis
870 5252 892 5307 a
911 5231 1079 5311 mortuis
1098 5234 1286 5337 resurgat.

593 5336 864 5419 Offertorium
902 5342 1044 5423 Exodi
1080 5346 1142 5423 io.
1185 5344 1366 5426 sanetifi-

530 5440 634 5521 covit
651 5442 807 5545 Moyses
835 5445 959 5525 altore
978 5447 1172 5549 Domino,
1192 5451 1363 5533 offerens

532 5570 653 5651 super
671 5550 772 5630 illud
801 5552 1057 5649 holocousta,
1085 5566 1124 5637 et
1149 5559 1363 5640 immolans

531 5656 754 5737 victimas:
789 5659 882 5739 iecit
927 5618 1170 5744 sacrificium
1201 5691 1365 5769 vesper-

531 5763 702 5845 tinum
692 5767 926 5848 madorem
956 5773 1160 5853 suavitetis
1187 5773 1365 5855 Domino

531 5868 665 5963 Deos
655 5894 695 5949 ιιι
715 5876 932 5979 conspectu
948 5878 1122 5959 tiliorum
1140 5882 1272 5961 isreel.

862 5996 1022 6077 Secrta

592 6108 709 6165 ιιιιιιι
724 6090 839 6171 nnbrs
841 6004 1094 6196 quaeseumus
1109 6098 1363 6199 omnipotens

606 6194 744 6274 Deus.
767 6206 811 6277 ut
831 6211 977 6285 nostrae
997 6204 1209 6289 humilitet'
1200 6228 1233 6285 rs
1252 6206 1363 6285 oble-

1452 1009 1529 1089 ·tio
1544 1018 1582 1088 et
1599 1032 1672 1111 pro
1693 1007 1850 1087 tuorum
1871 1009 1944 1088 tibi
1960 1019 2071 1114 grata
2085 1009 2139 1089 sit
2152 1011 2302 1091 honore

1450 1119 1715 1212 sanctorum,
1743 1127 1783 1195 et
1803 1139 1876 1196 nos
1901 1118 2072 1219 corpore
2090 1119 2241 1220 periter
2261 1132 2300 1200 et

1474 1236 1605 1305 mente
1622 1226 1816 1328 purificet.
1839 1227 1912 1304 Per
1932 1227 2164 1306 Dominum.

1530 1329 1786 1409 Commuuio.
1802 1329 1942 1408 Matth.
1963 1331 2026 1408 M.
2058 1331 2205 1412 Beetus
2222 1359 2301 1416 ser·

1470 1465 1553 1537 rus,
1570 1464 1702 1543 quem,
1719 1463 1810 1520 cum
1841 1441 1991 1520 uenerit
2018 1441 2220 1540 dominus,
2245 1445 2299 1524 in·

1467 1550 1619 1631 uenerit
1640 1547 1895 1651 vigileutem:
1917 1571 2033 1628 amen
2062 1548 2157 1630 dico
2175 1551 2294 1642 robis,

1468 1681 1588 1761 super
1627 1659 1763 1737 omnia
1813 1659 1919 1738 bona
1965 1681 2039 1738 sua
2082 1661 2293 1740 constituet

1468 1791 1572 1848 eum.

1707 1874 2058 1955 Postcommunio.

1534 2015 1695 2072 uasnuus
1713 1989 1969 2092 omnipotens
1988 1992 2122 2071 lteus:
2144 2001 2209 2090 ut,
2226 1997 2291 2095 qui

1468 2003 1530 2203 Q
1548 2099 1727 2178 coeiestia
1744 2099 1934 2178 alimenta
1951 2099 2221 2203 percepimus,
2235 2104 2291 2180 in·

1462 2207 1690 2287 tercedente
1727 2207 1847 2286 beeto
1886 2208 2039 2309 Moyse,
2061 2209 2294 2290 Confessore

1461 2321 1542 2412 tuo,
1575 2337 1647 2416 per
1671 2316 1757 2394 haec
1787 2325 1927 2394 contra
1959 2317 2095 2395 omnia
2126 2317 2291 2398 aduersa

1463 2425 1701 2502 muniemur.
1724 2423 1798 2500 Per
1812 2423 2045 2503 Dominum.

1813 2655 1875 2709 ule
1905 2657 1943 2710 V.

1606 2758 1646 2839 S.
1675 2758 1959 2840 MYACiMTHi
1988 2759 2140 2841 COMF.

1517 2865 1638 2945 Missa
1674 2884 1719 2946 ut
1754 2869 1795 2944 in
1829 2866 2006 2966 Missali,
2042 2867 2118 2946 sub
2150 2867 2216 2946 die
2248 2873 2293 2947 to

1459 2975 1640 3078 Augusti.

1480 3298 1519 3378 S.
1546 3199 1948 3397 SAMUEUspgAE
1978 3301 2045 3380 ET
2073 3301 2260 3384 PROPH.

1750 3424 1993 3480 courassonrs.

1636 3501 1841 3580 introitus.
1866 3508 2016 3586 Psoim.
2037 3509 2098 3587 98.

1551 3637 1709 3691 ιιιιιιι
1720 3614 1936 3694 Dominum
1949 3616 2078 3696 Deum
2091 3626 2282 3715 nostrum,

1453 3628 1546 3915 Ε
1567 3732 1607 3801 et
1619 3723 1781 3802 adorete
1795 3724 2013 3803 scabellum
2029 3727 2179 3827 pedum
2188 3730 2283 3828 ejus,

1567 3830 1758 3931 quoniam
1798 3842 1979 3911 sanctum
2007 3844 2098 3913 est:
2127 3836 2282 3937 Moyses

1453 3946 1493 4014 et
1526 3939 1659 4019 Aaron
1698 3939 1737 4015 in
1775 3938 2054 4019 sacerdotibus
2085 3944 2173 4043 ejus
2201 3970 2213 4020 z
2244 3956 2283 4024 et

1452 4044 1613 4126 semaei
1630 4049 1735 4125 inter
1751 4069 1831 4145 eos,
1847 4050 1914 4151 qui
1935 4048 2122 4130 invocant
2139 4074 2280 4131 nomen

1450 4156 1546 4253 eius.
1567 4156 1630 4234 Ps.
1651 4155 1846 4235 Dominus
1862 4157 2048 4259 regnerit,
2063 4159 2284 4240 irascentur

1452 4261 1618 4365 populi:
1648 4266 1716 4366 qui
1743 4263 1856 4343 sedet
1885 4288 2005 4366 super
2032 4266 2278 4364 Cherubim,

1453 4371 1658 4450 moreetur
1674 4381 1793 4451 terra
1816 4376 1854 4463 ι
1875 4372 2010 4452 Gloria
2034 4374 2154 4455 Patri.

1792 4483 1945 4561 Oratio.

1454 4609 1712 4773 Οιιιιιοιιιιι
1754 4588 1997 4689 sempiterne
2031 4588 2170 4689 Deus,
2203 4590 2271 4695 qui

1530 4696 2207 4822 beetumsamuelemspirituprop
2208 4702 2276 4779 ire-

1451 4804 1517 4883 ttae
1546 4802 1767 4905 adimplere
1796 4804 1982 4906 dignatus
2011 4828 2096 4883 es
2130 4808 2278 4930 quique

1449 4933 1541 4991 eum
1573 4912 1613 4989 in
1646 4912 1794 5013 tempto
1826 4924 1896 4992 tuo
1921 4912 1993 4991 tibi
2014 4912 2132 5016 digne
2163 4916 2278 4991 mini·

1450 5018 1575 5098 strore
1600 5019 1757 5098 fecisti:
1784 5020 1960 5100 concede
1981 5020 2182 5123 propitius
2194 5050 2205 5113 ;
2223 5033 2275 5116 ιιι,

1449 5128 1518 5229 qui
1558 5128 1646 5227 ejus
1680 5125 1801 5206 hodie
1845 5127 2042 5207 solemnia
2075 5128 2273 5221 colimus,

1449 5233 1573 5335 ipsius
1601 5234 1779 5335 exempta
1811 5236 2034 5337 sequentes,
2052 5236 2105 5313 nd
2122 5246 2161 5315 te
2190 5258 2275 5338 per·

1447 5342 1581 5423 uenire
1600 5344 1833 5421 mercemur.
1855 5344 1929 5422 Per
1947 5344 2177 5422 Dominum.

1504 5450 1639 5533 Lectio
1657 5449 1751 5527 libri
1770 5451 1997 5551 Sapientiae.
2018 5460 2140 5539 Eccli.
2158 5466 2220 5542 to.

1508 5582 1653 5637 rasurus
1679 5579 1703 5635 a
1723 5558 1896 5638 Domino
1915 5558 2001 5639 Deo
2018 5582 2093 5639 suo
2111 5558 2268 5640 Semuei

1449 5592 1505 5789 D
1525 5665 1723 5767 Propheta
1740 5666 1916 5764 Domini,
1934 5669 2138 5749 rennuerit
2154 5666 2273 5770 impe

1447 5772 1573 5870 rium,
1589 5784 1628 5853 et
1644 5780 1759 5852 unxtt
1777 5776 1978 5876 principes
1997 5784 2037 5853 in
2057 5784 2172 5878 gente
2188 5796 2269 5854 sua.

1449 5880 1493 5959 Ιιι
1520 5882 1604 5985 lege
1623 5879 1787 5959 Domini
1806 5884 2151 5985 congregationem
2165 5880 2270 5983 iudi·

1447 5988 1562 6086 civit,
1591 5998 1631 6067 et
1658 5989 1759 6068 vidit
1788 5990 1895 6069 Deus
1920 5990 2059 6086 Jacob,
2077 5992 2174 6071 etin
2194 5988 2270 6067 tide

1448 6119 1519 6175 sua
1533 6094 1727 6200 probitas
1741 6108 1801 6178 est
1813 6098 2017 6202 propheta.
2031 6100 2080 6178 Et
2096 6099 2273 6202 cognitus

1447 6208 1572 6283 estin
1602 6206 1733 6285 uerbis
1764 6210 1846 6287 suis
1879 6207 2020 6303 fidelis,
2052 6208 2148 6311 quia
2178 6204 2273 6287 uidit
