5325 7200
548 799 595 872 ts
1121 792 1190 868 llio
1206 795 1279 891 nrj.
1298 791 1388 889 uuij.
1412 790 1669 888 Septembris.

528 957 765 1037 veneremur
795 959 835 1035 in
867 957 997 1054 terris,
1033 959 1233 1040 societiuis
1269 964 1356 1076 ejus

528 1063 703 1144 laetitiam
722 1065 902 1168 adipisci,
923 1078 962 1146 te
980 1065 1183 1168 largiente,
1202 1069 1356 1150 mered-

530 1193 620 1250 mur
637 1173 677 1250 in
697 1172 818 1252 coelis.
842 1174 917 1253 Per
931 1173 1161 1252 Dominum.

577 1281 621 1360 ln
640 1279 788 1360 votivis
820 1300 893 1381 pro
926 1280 1177 1362 solemnitdte
1199 1279 1354 1360 dicatur

531 1387 738 1466 memeria.

577 1494 767 1598 Epistola,
795 1495 1028 1598 Respondit,
1061 1494 1162 1572 sicut
1186 1513 1260 1593 pro
1279 1490 1350 1570 SS.

527 1605 712 1688 llauritio
745 1611 784 1682 et
815 1599 943 1682 Sociis
974 1603 1059 1702 ejus
1093 1601 1262 1680 habetur
1288 1598 1352 1676 die

528 1713 603 1814 xxij
622 1713 756 1814 hujus

857 1817 1028 1898 Secreta.

529 1949 675 2122 Herm
706 1931 747 2008 in
778 1930 993 2033 conspectu
1028 1931 1247 2032 majestatis
1277 1941 1356 2012 tuoe

634 2039 851 2118 oblationis
883 2040 1071 2135 nostiam,
1110 2061 1354 2140 quaesumus

530 2147 784 2248 omnlpotens
804 2147 924 2238 Deus,
952 2147 1056 2225 boeti
1084 2147 1270 2247 ltlertyris
1297 2149 1355 2227 tui

530 2265 649 2356 utque
676 2254 877 2334 Pontificis
904 2252 1130 2334 Theoderdi
1154 2256 1356 2334 commen·

530 2361 599 2440 det
615 2361 760 2441 oratio:
795 2363 863 2464 qui
889 2361 1092 2442 charitatis
1118 2371 1196 2440 tum
1221 2361 1356 2442 dutcea

530 2467 624 2548 dine
652 2469 850 2571 pertusus
871 2493 913 2550 se
929 2469 1003 2550 tibi
1030 2476 1187 2570 gratum
1211 2469 1359 2556 obtulit

531 2575 821 2657 holocaustum.
839 2579 915 2658 Per
932 2577 1163 2657 Dominum.

770 2681 1109 2762 postcommunio.

587 2813 698 2870 uncm
738 2814 829 2891 uos,
876 2817 1128 2896 quaesumus,
1167 2796 1353 2893 Domine,

607 2899 854 2980 Sacramenti
885 2903 1058 2985 coelestis
1088 2904 1355 3009 participetio,

530 3005 799 3089 intercedente
818 3021 955 3092 sancto
981 3011 1231 3112 theodardo,
1252 3014 1356 3094 Mer-

529 3123 616 3214 tyre
631 3123 698 3194 tuo
710 3125 829 3218 atque
845 3118 1048 3216 Pontifice,
1062 3131 1102 3200 et
1115 3121 1165 3200 ab
1180 3123 1355 3202 hostium

530 3222 872 3322 tueeturinerlrsu‚
889 3227 1162 3308 etauimdrum
1180 3229 1356 3308 remedia

531 3329 649 3409 nohis
663 3330 840 3414 conferat
854 3333 1112 3438 sempiterna.
1129 3338 1204 3416 Per
1217 3338 1355 3418 Domi·

531 3459 642 3515 num.

864 3658 921 3711 unt
940 3656 1012 3711 XVl.

610 3746 651 3827 S.
677 3745 925 3831 CORNELII
947 3754 1093 3835 PAPAE
1118 3754 1274 3836 MART.

582 3856 657 3937 Ubi
676 3856 726 3935 de
750 3878 797 3935 eo
817 3858 998 3945 seorsim,
1028 3858 1161 3955 Missa,
1192 3858 1358 3963 Statuit,

531 3964 667 4066 lamp.
699 3964 837 4044 Pasch.
868 3964 1085 4067 Protenisti,
1117 3965 1166 4045 de
1195 3968 1350 4047 Comm.

529 4074 647 4153 unius
661 4074 777 4153 Mart.
798 4070 1091 4261 Pongssaqtrirffter
1105 4074 1350 4154 Orationem.

443 4342 446 4349 .
608 4292 1355 4394 enanurnu,quoesumus,Demine,betti

537 4310 806 4491 VCornelii,
819 4396 1005 4501 Martyris
1020 4402 1076 4479 tui
1091 4409 1210 4505 atqua
1225 4402 1358 4483 Ponti·

528 4496 626 4598 ficis,
647 4503 842 4585 consessio
868 4529 944 4586 nos
971 4506 1170 4590 latificet:
1201 4532 1289 4611 quoe
1315 4520 1356 4591 et

529 4605 963 4715 ndeinosuepraebeat
976 4614 1221 4697 incrementa
1234 4618 1356 4698 virtu·

528 4720 628 4813 tum,
645 4728 685 4799 et
704 4720 914 4822 multiplici
933 4743 1006 4802 uos
1024 4724 1247 4825 patrocinio
1265 4749 1358 4807 con·

533 4822 696 4905 soletur.
718 4828 794 4906 Per
811 4829 1044 4910 Dominum.

850 5054 908 5107 DIE
928 5054 1017 5109 xvir.

674 5140 874 5225 Nnunuu
891 5148 932 5227 S.
953 5146 1214 5233 numanum

821 5275 930 5333 urrsc.
952 5280 1059 5337 usur.

578 5362 713 5461 Missa,
748 5360 1041 5465 Gaudeamus,
1065 5364 1168 5445 sicut
1202 5386 1283 5469 pro·
1309 5367 1351 5448 S.

528 5470 683 5549 Thomu
709 5468 823 5549 Cant.
845 5466 911 5548 die
936 5467 1024 5547 xxix
1040 5471 1274 5554 Decembris
1299 5475 1352 5575 (in

530 5578 696 5679 Proprio
709 5578 760 5658 de
777 5578 950 5680 Temo),
969 5586 1113 5681 praeter
1130 5584 1350 5685 sequentia.

578 5688 623 5769 ln
646 5688 816 5771 Introitu
834 5688 990 5769 dicatur
1012 5696 1123 5779 ueto
1152 5697 1355 5779 lamberti

383 5786 392 5807 ⁸
529 5808 727 5909 Mdrtqris,
745 5804 1200 5911 decujussolemnitete.

861 5904 1014 5988 Oratio.

567 6022 1355 6125 urencassm,quaesumus,deine,hetti

529 6186 536 6195 -
583 6128 797 6221 lamberti,
812 6132 997 6233 Martyris
1012 6130 1069 6213 tui
1084 6138 1203 6235 atque
1219 6131 1355 6214 Ponti·

1442 960 1540 1056 ficis,
1568 968 1679 1039 tuam
1704 958 1821 1038 nobis
1841 957 1922 1036 non
1939 955 2096 1036 desinat
2111 956 2269 1059 plaeere

1437 1067 1647 1170 justitiam,
1684 1076 1725 1146 ct
1754 1075 1939 1146 nostrum
1976 1063 2050 1143 tibi
2080 1063 2267 1144 deuotum

1441 1173 1598 1255 efficere
1630 1173 1881 1255 ramularum.
1921 1173 1997 1252 Per
2030 1170 2262 1252 Dominum.

1493 1279 1586 1360 Post
1618 1275 1817 1358 Graduale
1843 1281 1935 1353 ante
1961 1271 2148 1352 ultimum
2159 1279 2261 1360 ulte·

1444 1387 1700 1486 ldia‚dicitur
1717 1381 1947 1488 Sequentia,
1968 1403 2058 1484 qua
2071 1380 2187 1460 infra.

1516 1524 1585 1579 oso
1621 1501 1715 1580 lidei
1748 1499 1943 1594 laetemur,
1979 1505 2019 1576 et
2043 1496 2267 1576 ‘lamberto

1441 1518 1515 1691 D
1532 1607 1792 1710 gratulemur,
1808 1607 1957 1708 inclyto
1968 1603 2166 1685 Pontifici.

1491 1709 1613 1817 Cujus
1623 1717 1757 1812 fidem,
1770 1711 2261 1818 passionemnouabores,

1440 1831 1480 1902 et
1494 1826 1663 1926 agonem
1681 1823 1799 1926 digne
1816 1822 1931 1902 decet
1948 1819 2084 1900 recoli.

1492 1926 1632 2011 Clarus
1649 1955 1722 2033 per
1736 1929 2024 2034 progenitores,
2040 1925 2186 2006 cleruit
2197 1945 2270 2026 per

1439 2037 1529 2140 pios
1547 2062 1680 2119 mores
1694 2037 1881 2140 ampliori
1899 2036 2041 2139 gretia.

1491 2142 1550 2223 Ad
1563 2147 1757 2227 honorem
1773 2145 2014 2226 Praesuletus
2024 2149 2086 2222 est
2097 2137 2268 2241 Trajecti

1439 2253 1677 2357 postulatus,
1697 2262 1807 2333 tanta
1819 2253 1963 2356 diguus
1977 2249 2118 2354 gloria.

1492 2352 1570 2440 Sed
1585 2360 1636 2440 de
1650 2361 1753 2440 Sede
1767 2359 2039 2454 deturbetum‚
2068 2355 2188 2434 anuis
2211 2377 2268 2432 se⁴

1442 2478 1549 2573 ptem
1572 2469 1824 2572 profugatum
1838 2476 1946 2547 arcet
1956 2465 2085 2546 hostis
2096 2461 2266 2540 invidus.

1492 2572 1779 2656 dlonachdrum
1810 2577 1910 2678 petit
1932 2574 2088 2654 aedem:
2116 2581 2210 2672 post
2226 2571 2267 2646 in

1441 2707 1555 2870 guam
1594 2683 1699 2764 redit
1731 2684 1897 2781 sedem,
1932 2681 2043 2787 plebi
2071 2699 2156 2758 suae
2182 2676 2269 2756 red·

1469 2793 1562 2872 itus.

1491 2896 1739 3003 lleprobetus
1762 2907 1803 2979 et
1825 2897 2016 3000 abjectus.
2035 2893 2140 2998 lapis
2161 2893 2268 2974 coeli·

1440 3018 1505 3090 tus
1522 3007 1689 3108 erectus,
1710 3005 1762 3086 ad
1779 3030 1822 3086 se
1840 3005 1963 3085 trahit
1980 3003 2131 3083 omnia.

1493 3112 1596 3194 Hinc
1626 3114 1892 3195 Toxandriam
1920 3111 2141 3207 collustrat,
2172 3133 2266 3212 gna·

1438 3249 1512 3304 vus
1527 3223 1728 3303 idolorum
1745 3221 1888 3302 lustrat
1904 3219 2047 3323 quavis
2072 3241 2097 3297 a
2114 3219 2267 3320 spurci·

1438 3334 1508 3413 tia.

1494 3436 1631 3520 Pnocul
1648 3435 1758 3540 lugat
1774 3437 1960 3518 umbram
1982 3433 2265 3538 mortis,·aspi·

1440 3547 1591 3653 desque
1616 3548 1742 3628 calcat
1766 3547 1894 3643 fortis,
1916 3545 2040 3626 victor
2055 3541 2266 3646 imperter-

1440 3666 1624 3843 maffia
1658 3760 1798 3858 credit,
1834 3758 1934 3837 fides
1964 3756 2122 3853 crescit,
2152 3777 2266 3835 error

1438 3872 1556 3971 cedit,
1581 3880 1622 3951 et
1638 3868 1821 3949 clarescit
1836 3866 1972 3945 lumen
1991 3864 2130 3944 datum
2158 3862 2264 3941 coeli·

1438 3989 1556 4165 tusSic
1589 4084 1729 4163 dilatat
1757 4082 1832 4163 Dei
1860 4080 2071 4185 templum,
2097 4078 2262 4159 uerbum

1438 4194 1635 4318 praebens,
1651 4200 1692 4271 et
1704 4190 1944 4295 exemplum,
1956 4210 2111 4292 preces,
2124 4198 2165 4267 et
2178 4210 2264 4289 pro

1438 4302 1639 4491 dilllllesul
1674 4430 1794 4488 orans
1834 4404 2079 4502 immoletur,
2116 4402 2265 4505 uano

1439 4515 1588 4597 Christi
1606 4514 1834 4616 coronetur,
1869 4512 1977 4593 subit
1994 4513 2084 4591 coeli
2102 4511 2261 4611 glandia.

1492 4620 1597 4720 Jesu,
1616 4646 1690 4703 nos
1708 4646 1756 4702 ex
1772 4622 1915 4702 mortis
1930 4620 2032 4701 valle
2050 4620 2129 4697 duc
2141 4617 2195 4697 ad
2210 4619 2264 4698 ri·

1440 4738 1522 4812 tam
1540 4729 1775 4818 recto‘calle
1794 4732 1881 4829 ejus
1897 4727 2135 4832 patrocinio.

1495 4832 1543 4918 Ut
1559 4860 1653 4918 cum
1672 4837 1828 4918 Sanctis
1845 4844 1884 4917 te
1899 4835 2097 4937 condigne
2115 4832 2264 4913 collau·

1440 4944 1597 5036 demus,
1617 4944 1669 5024 da
1686 4944 1870 5047 benigne,
1886 4943 1928 5021 iu
1942 4942 2092 5024 coelesti
2104 4940 2263 5045 gaudio.

1439 5055 1580 5134 nmen.
1601 5052 1783 5133 Alleluia.

1492 5157 1581 5239 Non
1599 5156 1758 5252 dicitur,
1776 5156 1917 5256 oenc,
1941 5152 2020 5231 nisi
2032 5148 2102 5233 ubi
2120 5158 2181 5234 est
2200 5151 2268 5231 Fe·

1442 5274 1546 5347 stum
1563 5264 1772 5348 Patrouale
1789 5262 1851 5343 vel
1866 5260 2055 5343 Titulare.

1764 5372 1940 5455 Secreta.

1514 5510 1638 5586 nesro,
1665 5511 1908 5591 quesumus,
1930 5486 2119 5581 Domine,
2137 5482 2263 5562 tamn·

1526 5595 1657 5676 lorum
1675 5598 1837 5677 tuorum
1849 5596 2004 5693 hostiis,
2023 5592 2164 5673 adesto
2176 5613 2262 5669 mn·

1439 5701 1616 5801 neribus,
1635 5704 1758 5784 sancti
1773 5702 1989 5799 lamberti,
2008 5700 2193 5803 Mertyris
2205 5699 2260 5778 tui

1438 5819 1558 5912 atque
1578 5812 1792 5910 Pontlfieis,
1811 5810 1999 5915 precihus
2019 5808 2200 5913 placatus
2216 5830 2262 5903 ac

1440 5920 1614 5998 meritis:
1643 5932 1683 6001 et
1709 5924 1795 6023 ejus
1825 5919 2044 6023 gaudentes
2074 5912 2261 5999 solemni-

1439 6026 1532 6123 tate,
1564 6027 1616 6107 ab
1646 6027 1820 6109 hostium
1846 6024 2168 6107 infestationibus
2183 6020 2258 6102 cle·

1438 6134 1593 6216 menter
1610 6136 1734 6217 tuere.
1755 6136 1830 6216 Per
1846 6136 1995 6217 Dirum.
