5325 7200
631 1103 634 1110 Ι
674 1211 913 1321 OFFiCiA
958 1213 1231 1324 PROPRtA

364 1487 766 1622 troncoso
814 1408 1581 1621 suurn-omousi.

723 1837 835 1910 PARS
859 1833 1178 1912 AUTUMNALiS.

1018 2103 1557 2119 -n——n—-i-——n-n--mm-

350 2477 352 2484 .
486 2281 887 2414 ruormou
932 2275 1425 2414 stuerouou
1528 2403 1533 2410 ,
1629 2346 1632 2352 -

418 2571 559 2646 FESTA
594 2569 813 2646 AUGUsrr.
983 2567 1124 2644 didbat.
1145 2567 1329 2647 Humanis
1342 2571 1555 2671 divinisque
1568 2571 1632 2646 lit·

379 2668 448 2742 ott
472 2667 628 2744 xxvii.
653 2664 870 2742 AUGUSTI.
984 2669 1073 2742 teris
1087 2669 1237 2770 egregie
1247 2669 1490 2760 doctus,cum
1503 2669 1635 2746 stodiis

319 2786 334 2829 t
366 2771 502 2870 iosephi
522 2769 747 2844 Galasanctii
772 2793 794 2844 a
821 2772 940 2848 Matre
985 2768 1207 2868 dicologicis
1248 2770 1430 2844 Vale'ntiae
1480 2771 1634 2869 operam

500 2871 586 2963 Dei,
607 2869 717 2944 Coni.
984 2866 1107 2958 daret,
1128 2866 1263 2942 nobilis
1280 2869 1517 2968 potentisque
1529 2869 1636 2944 ie'mi·

534 2968 698 3068 Duplex.
985 2989 1042 3040 nce
1058 2966 1247 3042 ilidcebris
1259 2967 1413 3044 fortiter
1424 2969 1632 3067 supertitis,

360 3069 479 3140 Omnia
510 3067 558 3142 de
584 3065 787 3144 Communi
826 3067 937 3144 Cotti.
983 3066 1265 3166 virginitatem,
1286 3093 1401 3167 quam
1424 3068 1635 3142 Deovdve·

322 3171 492 3242 omioni.
509 3181 647 3268 praeter
665 3193 745 3335 seth.
985 3178 1056 3254 rat,
1077 3159 1299 3238 iooffensom
1319 3167 1459 3268 insigni
1476 3167 1636 3242 victdria

360 3268 391 3338 in
428 3270 564 3368 Hymn.
600 3269 675 3340 Iste
747 3258 945 3350 onie'ssor,
985 3265 1160 3343 servdvit.
1192 3265 1374 3340 Sacerdos
1394 3292 1440 3352 err
1462 3280 1548 3340 voto
1571 3267 1632 3340 fa-

321 3379 460 3440 notatur
477 3367 611 3444 tertius
628 3391 774 3441 versus.
983 3378 1089 3454 ctus,
1119 3388 1144 3438 a
1169 3365 1426 3464 compldribus
1442 3365 1634 3465 Episcopis

536 3467 681 3542 Oratio.
982 3463 1024 3538 in
1042 3461 1208 3536 Caste'iiae
1220 3464 1580 3564 Novae,Arrag‹iniae,
1596 3478 1636 3538 et

388 3589 464 3655 eus,
485 3563 554 3664 qui
571 3587 640 3663 per
654 3575 829 3637 sanctum
841 3560 948 3635 Josc'·
984 3562 1210 3637 Catalaiuniae
1229 3565 1353 3665 regnis
1368 3565 1567 3663 inpartem
1580 3563 1634 3637 ia·

324 3577 515 3763 prum
534 3661 794 3737 confessorem
816 3675 945 3747 tuum,
984 3661 1086 3735 boris
1115 3660 1297 3757 adscitus,
1332 3664 1632 3762 expectatidnem

324 3760 361 3831 ad
382 3761 622 3837 erudic'ndsm
645 3761 778 3861 spiritu
808 3760 949 3833 inteili-
983 3762 1156 3835 dmnium
1182 3762 1297 3853 vicit,
1336 3764 1459 3863 pravis
1492 3761 1633 3862 ubique

322 3860 432 3959 ge'ntiae
447 3888 493 3937 ac
518 3862 671 3961 pietaitis
684 3860 944 3959 juventutem,
983 3860 1153 3935 moribus
1170 3860 1393 3950 emendritis,
1414 3862 1632 3937 ecclesiisti·

325 3982 440 4033 novum
456 3960 633 4038 Eccie'siae
647 3974 720 4037 tuae
737 3958 945 4033 subsidium
962 3994 966 4013 ·
981 3984 1027 4033 ca
1044 3959 1245 4057 disciplina
1260 3962 1448 4053 restittita,
1467 3959 1634 4035 inimici-

325 4059 497 4153 provide're
515 4060 693 4161 dignatus
709 4082 748 4133 es
769 4087 777 4131 ε
798 4072 967 4157 praesta}
984 4061 1042 4133 tiis
1060 4060 1300 4159 cruentisque
1316 4060 1548 4135 factionibus
1565 4061 1632 4132 mi·

325 4182 514 4253 quesumus
523 4184 536 4251 ;
555 4183 647 4250 nos,
668 4160 748 4256 ejus
777 4154 951 4257 exemplo
982 4158 1085 4233 rifice
1103 4158 1290 4233 extinctis.
1308 4159 1359 4233 At
1374 4160 1515 4252 coelcsd
1528 4160 1635 4233 visid-

325 4269 354 4327 ct
374 4258 655 4349 intercessione,
674 4260 728 4331 ita
748 4256 892 4349 iacere,
914 4269 952 4330 et
983 4283 1049 4351 ne,
1067 4270 1107 4331 et
1123 4260 1192 4331 Dei
1209 4284 1300 4333 voce
1325 4259 1548 4357 frequenter
1564 4256 1635 4331 ad-

325 4352 664 4457 doce're,utpraemia
677 4356 953 4457 consequimur
983 4357 1162 4451 monitus,
1178 4357 1549 4461 Romamtprofectus
1563 4370 1631 4431 est.

326 4454 453 4533 etima.
472 4460 547 4533 Per
566 4456 784 4532 Dominum.
918 4525 926 4541 .
1199 4464 1327 4543 Lectio
1363 4492 1399 4548 ν.

357 4561 389 4631 ln
407 4566 434 4659 j.
461 4560 658 4635 Nocturno
683 4561 880 4637 Lectiones
898 4560 945 4635 dc
1033 4582 1055 4633 o
1071 4556 1173 4631 Urbe
1192 4582 1341 4631 summa
1355 4559 1441 4632 vitae
1456 4555 1637 4657 asperita-

322 4659 487 4759 <criptura
504 4672 745 4735 occurrente.
1049 4669 1098 4742 te,
1118 4656 1265 4756 vigiliis,
1282 4670 1321 4731 et
1332 4657 1485 4757 jejtiniis
1500 4681 1637 4754 corpus

396 4760 433 4835 in
450 4759 620 4836 secundo
633 4760 842 4835 Nocturno.
984 4752 1177 4855 affligens,
1207 4757 1248 4827 in
1267 4755 1499 4829 orationibus
1512 4768 1550 4829 et
1565 4779 1637 4829 coe·

523 4861 652 4935 Lectio
671 4862 719 4932 iv.
983 4852 1135 4927 le'soum
1165 4880 1293 4927 rerum
1319 4852 1638 4951 contemplatidnc

366 4976 499 5027 mersos
522 4951 777 5025 Calasrinctius
797 4976 820 5025 a
836 4952 955 5025 Matre
986 4952 1067 5027 dies
1085 4954 1288 5052 noctisque
1311 4954 1559 5039 versabitur,
1578 4975 1638 5025 se-

327 4960 458 5143 doci,
480 5051 652 5125 Petraiitae
679 5053 719 5123 in
745 5050 957 5171 Arrassonia
987 5066 1090 5150 ptem
1122 5053 1289 5150 ejusdem
1317 5052 1429 5127 Urbis
1454 5050 1639 5125 Eccle'sias

331 5146 427 5223 nobili
456 5152 596 5253 genere
614 5164 750 5241 natus,
779 5151 957 5223 ateneris
985 5150 1145 5252 singulis
1185 5152 1267 5225 iere
1311 5152 1484 5225 noctibus
1532 5148 1640 5224 obire

329 5250 418 5321 annis
434 5250 568 5324 iuttirae
585 5250 625 5321 in
638 5250 772 5363 pueros
790 5248 955 5321 chariti-
987 5250 1136 5323 oblitus:
1150 5246 1261 5348 quem
1273 5249 1363 5323 inde
1376 5274 1524 5325 morem
1538 5273 1642 5323 com·

331 5344 546 5435 tis,etedrum
562 5348 805 5421 insutotidnis
818 5346 959 5421 indicio
989 5348 1115 5449 pidres
1133 5374 1254 5423 annos
1271 5351 1446 5425 servavit.
1462 5352 1559 5423 Dato
1571 5348 1643 5449 piis

331 5444 481 5539 praebuit.
508 5448 606 5523 Nam
624 5446 751 5521 adbuc
781 5446 959 5546 pirvuius
989 5447 1251 5523 sodalitatibus
1283 5450 1452 5542 mimine,
1469 5449 1638 5539 mirum,

331 5564 382 5616 eos
395 5544 439 5619 ad
463 5572 501 5621 se
518 5548 743 5621 convoedtos
760 5546 800 5619 in
818 5546 958 5647 mystd-
990 5562 1134 5647 quanto
1151 5548 1286 5623 ardore
1306 5549 1512 5650 prinpum,
1531 5547 1644 5623 iniit·-

334 5640 384 5715 riis
397 5644 492 5735 fidei,
509 5660 548 5721 et
560 5646 675 5721 sacris
688 5644 861 5745 pre'cibus
874 5672 959 5720 cru·
991 5671 1072 5723 mos
1086 5648 1337 5747 potissimum,
1349 5661 1416 5724 aut
1428 5646 1644 5721 carceribus

373 5770 507 5820 terrun.
529 5770 559 5819 s.
580 5770 742 5819 otoosrr.
1277 5774 1282 5787 ·
1463 5756 1476 5817 t
