5325 7200
682 1012 748 1084 llic
762 1009 814 1107 iij.
832 1008 1021 1084 Octobris.
1041 1012 1079 1086 S.
1093 1009 1252 1098 Menum.
1594 1029 1634 1097 21

310 1175 386 1226 sens
419 1151 460 1224 in
499 1151 730 1254 Episcopum
773 1153 952 1256 eligitur;
993 1157 1282 1256 rusvirtritibus,
1299 1161 1346 1236 ad
1366 1159 1539 1238 labtirum
1553 1187 1643 1265 ptae·

310 1247 477 1349 factique
519 1252 571 1326 ad
606 1279 693 1328 eum
735 1255 747 1328 1
798 1255 953 1348 arione,
993 1259 1071 1332 mia
1095 1261 1265 1336 vomitur.
1284 1264 1328 1337 ln
1351 1265 1457 1362 cujus
1481 1264 1641 1338 trinsitu

311 1351 437 1426 inritus
462 1365 503 1429 et
524 1354 659 1428 nolens
685 1353 735 1428 ad
794 1354 957 1428 ullenses
992 1357 1076 1431 coeli
1094 1385 1117 1432 a
1144 1362 1213 1434 e'rti
1231 1375 1337 1454 sunt,
1359 1377 1398 1436 et
1415 1361 1465 1436 ab
1481 1365 1562 1461 ejus
1577 1389 1642 1438 ore

311 1449 440 1526 insulas
454 1453 705 1549 pertrahitur.
991 1385 1169 1533 eoldmla
1207 1462 1293 1534 nive
1331 1461 1530 1536 candidior
1563 1464 1666 1537 visa'

541 1553 668 1630 Lectio
697 1579 732 1622 v.
992 1557 1114 1632 estad
1130 1559 1268 1634 coelum
1285 1561 1447 1636 evolsire.
1468 1559 1643 1662 Sepultus

316 1661 627 1836 Cmnmunnrr,
667 1649 953 1742 humilitatem,
991 1669 1049 1730 est
1081 1658 1121 1731 in
1154 1657 1374 1734 suburbdna
1405 1685 1521 1774 quam
1563 1662 1643 1762 ipse

318 1843 326 1858 .
388 1753 682 1836 abstinentiam,
707 1751 888 1850 piettitem
912 1777 957 1826 ac
990 1754 1243 1835 aediiieriverat
1299 1759 1459 1834 ecclesia
1501 1787 1510 1832 =
1560 1785 1643 1860 quae
1704 1847 1706 1850 ,

313 1853 514 1944 justitiam,
547 1849 775 1948 caterisque
800 1851 957 1926 virtutes
987 1855 1146 1955 jamjam
1171 1859 1317 1932 tituldri
1344 1859 1459 1959 ipsius
1475 1859 1643 1958 patroci—
1700 1859 1703 1864 “

316 1977 400 2051 quas
419 1952 560 2053 degens
588 1951 630 2023 in
653 1950 786 2024 sacculo
807 1971 957 2050 semper
992 1955 1056 2028 nio
1094 1957 1261 2056 gaudet,
1287 1983 1333 2033 ac
1366 1960 1537 2058 pretidsis
1563 1959 1644 2059 ejus

318 2051 541 2142 excoliserat,
559 2051 602 2125 in
625 2049 852 2148 Episcopitu
877 2075 955 2124 non
993 2054 1158 2154 reliquiis
1171 2059 1391 2132 exorndtur.

317 2151 420 2225 modo
434 2149 610 2238 retinuit,
628 2147 694 2222 sed
711 2163 751 2223 et
766 2149 812 2222 iis
829 2147 956 2222 maixi-
1040 2152 1082 2223 ln
1100 2151 1154 2247 iij.
1177 2149 1288 2224 Noct.
1303 2149 1414 2223 Hom.
1438 2152 1580 2249 Evang.
1603 2155 1642 2225 in

319 2275 412 2324 mum
447 2247 687 2350 splendorem
724 2261 765 2322 et
818 2243 953 2323 critiam
991 2249 1113 2332 llomo
1155 2255 1297 2357 arepto,
1315 2251 1345 2345 j.
1365 2250 1463 2324 loco.

319 2349 475 2424 contulit.
504 2351 586 2422 lmo
623 2348 671 2420 iis
692 2275 869 2422 omnilsus
893 2351 955 2421 in·
1041 2350 1084 2422 ln
1143 2371 1222 2447 esp.
1251 2373 1352 2424 com.
1378 2373 1459 2446 seq.

319 2449 486 2523 defessam
511 2449 554 2522 iu
572 2444 855 2522 dissemindndo
870 2473 957 2522 ver·
1040 2457 1121 2529 DIE
1137 2455 1265 2530 XXX.
1281 2455 1588 2531 SEPTEMBRIS.

320 2547 363 2621 bo
385 2549 449 2622 llei
473 2547 643 2646 operam,
670 2545 712 2620 in
741 2549 864 2622 causis
890 2571 952 2622 ee·
1024 2548 1061 2620 S.
1079 2547 1322 2648 Hieronymi,
1345 2545 1475 2624 Presb.
1495 2549 1604 2622 Conl.

319 2647 517 2722 clasiiaticis
545 2645 761 2746 judierindis
797 2647 956 2745 aequiui-
1231 2648 1391 2745 Duplex.
1603 2700 1606 2710 .

322 2743 956 2847 tem,sc'duluminvisittindogre-
1041 2746 1083 2818 ln
1118 2746 1166 2842 'ijs
1204 2747 1318 2845 Vesp.
1362 2767 1387 2818 a
1432 2747 1552 2844 Capit.
1597 2745 1642 2820 de

321 2871 360 2946 ge
384 2844 548 2920 studium
573 2843 758 2943 adjirnxit.
786 2846 956 2944 Cumque
992 2870 1086 2945 seq„
1107 2869 1192 2916 com
1206 2845 1465 2943 praecedentis.

322 2945 509 3020 remotiora
544 2970 621 3020 auae
657 2943 835 3018 Dioecsisis
873 2945 957 3018 loca
1106 2944 1254 3018 FESTA
1281 2943 1525 3018 OCTOBRIS.

321 3045 562 3142 perlustrans,
593 3043 750 3143 populos
780 3043 894 3118 rudes
919 3057 958 3118 et
1106 3045 1188 3122 DIE
1212 3049 1241 3122 1.
1271 3047 1515 3123 OCTOBRIS.

322 3145 480 3237 incultos,
499 3168 606 3218 vante
623 3142 813 3246 religidnis
828 3167 956 3244 super·
1040 3146 1079 3215 S.
1093 3143 1268 3245 Remigii,
1282 3143 1405 3242 Episc.
1424 3155 1462 3217 et
1480 3142 1592 3216 Goni.

325 3243 520 3318 stitionibus
532 3243 681 3318 deditos
697 3243 953 3341 comperisset,
1237 3244 1399 3342 Duplex.

327 3343 365 3414 iis
379 3343 510 3416 bellum
529 3341 673 3418 indixit
690 3365 734 3415 eo
752 3343 926 3417 succe'ssu
944 3399 953 3433 ,
1042 3342 1156 3442 Vesp.
1183 3342 1231 3416 de
1248 3366 1345 3442 seq„
1366 3366 1466 3417 com.
1481 3342 1639 3440 praeced.

326 3455 362 3513 ut
384 3441 534 3516 sublitis
573 3441 783 3542 paganismi
823 3440 957 3515 ritibus
1101 3445 1183 3518 IllE
1207 3446 1251 3519 11.
1281 3445 1526 3521 OCTOBRIS.

325 3565 362 3615 ac
375 3541 567 3641 spurcitiis,
582 3541 666 3617 illos
677 3540 726 3615 ad
743 3541 956 3641 legitimum
1041 3544 1104 3617 SS.
1121 3541 1356 3643 Angelorum
1369 3539 1590 3617 Custodum.

323 3642 382 3713 llei
396 3642 535 3717 cultum
557 3641 755 3716 reveesirit.
774 3643 956 3759 Magnum
1236 3643 1395 3743 Duplex.

324 3738 424 3815 itiam
477 3743 518 3815 in
557 3740 747 3816 daemones
787 3741 958 3815 exercuit
1045 3744 1087 3816 ln
1106 3742 1151 3841 ij.
1172 3742 1285 3841 Vesp.
1305 3765 1405 3815 com.
1431 3762 1511 3838 seq·
1565 3819 1570 3827 ,

324 3840 522 3939 impe'riurn,
537 3840 766 3940 vexatosque
779 3864 803 3913 a
817 3839 958 3940 spiriti-
1091 3845 1173 3917 IllE
1205 3849 1267 3926 lll.
1296 3848 1542 3923 OCTOBRlS.

323 3938 384 4013 bus
396 3940 601 4016 immundis
616 3938 696 4015 solo
713 3940 835 4015 crucia
850 3940 959 4041 signo
1105 3942 1144 4014 S.
1160 3940 1328 4030 Mennae,
1347 3940 1528 4038 Virginis.

324 4036 494 4115 libeurit.
1117 4041 1261 4115 Semid.
1279 4040 1329 4113 ad
1347 4039 1515 4113 libitum.

531 4140 658 4213 Lectio
685 4142 735 4236 vj»
1042 4140 1176 4213 Omnia
1189 4141 1237 4213 de
1250 4142 1398 4213 Comm.
1414 4150 1549 4239 praeter
1562 4159 1640 4232 seq.

354 4254 571 4315 tmnwnuu
599 4239 673 4313 iter
701 4264 843 4341 agens,
870 4262 959 4313 cum
1240 4239 1384 4313 Oratio.

327 4262 450 4417 (ribi
477 4355 553 4414 tres
573 4364 658 4413 reos
682 4342 767 4413 neci
788 4336 962 4413 addictos
1075 4364 1163 4429 aus,
1185 4340 1364 4439 quinos,
1384 4363 1452 4439 per
1468 4338 1644 4415 ineffibi-

328 4436 361 4509 in
377 4440 521 4514 circere
545 4437 706 4513 detineri
731 4436 957 4538 accepisset,
1087 4438 1164 4513 lem
1183 4438 1496 4529 misericdrdiam,
1517 4440 1646 4514 rinnua
1741 4461 1749 4479 ·

328 4536 422 4611 silita
445 4540 639 4637 permotus
697 4538 834 4631 ietdte,
857 4536 962 4636 judi·
995 4536 1114 4613 beata
1129 4540 1275 4615 Mennse
1285 4538 1452 4640 Virginis
1463 4540 1647 4615 solemni-

329 4660 398 4709 cern
413 4636 621 4712 Adririnum
637 4564 755 4731 aslis,
774 4652 819 4713 ut
835 4638 881 4711 iis
897 4637 960 4709 in·
996 4638 1074 4711 trite
1095 4637 1296 4712 laetificas:
1323 4637 1492 4713 conce'de
1544 4640 1647 4738 ropi-

329 4734 545 4836 dulgdntiam
572 4737 818 4836 precaretur3
838 4761 862 4811 a
885 4761 961 4835 quo
997 4735 1095 4830 tius,
1122 4750 1167 4810 ut
1194 4738 1299 4837 cujus
1319 4737 1451 4812 laudes
1474 4664 1647 4813 collebri-

329 4832 450 4909 iterum
466 4836 654 4937 repulsam
672 4860 829 4936 passus,
857 4834 960 4934 quod
997 4861 1095 4927 mus,
1113 4835 1227 4910 e'tiam
1246 4838 1316 4935 pisa
1331 4836 1539 4911 devotidnia
1554 4860 1648 4911 con-

329 4932 369 5005 ab
383 4934 530 5011 himine
547 4960 625 5009 non
642 4937 821 5034 potrierct
833 4934 961 5009 exora·
996 4936 1163 5011 solemur
1173 4934 1324 5011 affeetu.
1339 4937 1411 5015 Per
1422 4936 1644 5010 Diminum.

329 5056 374 5123 re,
385 5058 465 5109 mox
477 5035 527 5109 ab
539 5035 885 5133 omnipotentelleo
898 5034 964 5107 im·
1042 5038 1084 5107 ln
1105 5036 1137 5132 j.
1157 5033 1352 5108 Nocturno
1378 5032 1574 5127 Lectiones
1598 5030 1645 5104 de

329 5133 494 5227 petrivit;
511 5158 604 5207 nam
629 5148 670 5207 et
692 5133 961 5207 damnatorum
992 5135 1187 5232 Scriptura
1208 5144 1444 5206 occurrente.

329 5230 463 5307 vincrda
478 5232 659 5327 continuo
670 5232 846 5333 disrupta
857 5246 959 5324 sunt,
1093 5236 1133 5307 ln
1152 5232 1321 5307 secundo
1336 5232 1543 5305 Nocturno.

330 5342 363 5401 at
380 5332 533 5406 eireeris
562 5332 657 5406 datia
681 5332 830 5407 coelitus
858 5356 962 5406 rese·
1229 5333 1355 5406 Lectio
1373 5335 1423 5405 iv.

332 5429 399 5504 rita
416 5428 580 5505 abeundi
608 5433 853 5505 securitatem
879 5431 963 5503 vin·
1073 5456 1186 5521 unas,
1212 5424 1466 5501 Solimariacae
1490 5425 1533 5497 in
1555 5426 1648 5499 Bar-

331 5529 389 5602 ctis
415 5530 615 5628 prebuere.
645 5532 709 5605 llis
737 5546 775 5605 et
794 5528 964 5629 pluribus
1001 5458 1071 5612 Μ
1087 5530 1187 5605 renai
1212 5523 1361 5601 Ducitu
1379 5522 1649 5615 ,nobilissimo

333 5630 421 5717 iliis,
439 5629 577 5731 quibus
601 5630 720 5707 eluxit
737 5631 858 5731 Aper,
886 5570 982 5709 cta-l
998 5630 1138 5733 ge'nere
1167 5642 1206 5705 et
1234 5624 1450 5701 clarissimis
1481 5623 1649 5723 pare'nti·
