5325 7200
582 780 605 853 8
1069 773 1182 854 Faria
1215 777 1269 874 vj.
1291 785 1378 874 post
1396 774 1513 854 Doni.
1533 773 1586 854 iv.
1603 765 1802 871 Quadrag.

582 929 796 1024 unguento,
831 942 868 1003 et
904 923 1060 1002 extarsit
1089 922 1211 1023 pedes
1242 925 1327 1024 ejus
1356 945 1418 999 ca·
1481 935 1586 996 tuus.
1609 918 1713 997 Dicit
1738 921 1774 998 ei
1802 921 1988 998 Martha:
2011 920 2112 999 Scio
2140 915 2243 1020 quia
2271 943 2322 996 re·

582 1031 809 1132 pillissuis;
829 1036 943 1134 cujus
975 1033 1092 1109 frater
1112 1033 1286 1106 Lazarus
1310 1027 1417 1103 infir·
1482 1035 1608 1126 sarget
1634 1027 1674 1102 in
1701 1028 1983 1106 resurrectidne
2014 1027 2054 1104 in
2094 1026 2320 1106 novissimo

583 1142 795 1239 mabatur.}
815 1141 1011 1218 Miserunt
1036 1162 1128 1236 ergo
1149 1143 1304 1216 sordres
1333 1140 1417 1238 ejus
1481 1134 1558 1211 die.
1580 1133 1686 1210 Dixit
1715 1134 1751 1211 ei
1780 1139 1895 1214 Jesus
1916 1163 1924 1212 ε
1949 1137 2032 1234 Ego
2063 1157 2166 1211 sum
2194 1157 2319 1210 resur·
2399 1189 2400 1252 p

583 1246 754 1335 adeum,
775 1245 1175 1335 dicantesdemine,
1192 1268 1415 1343 eccequem
1481 1239 1617 1328 raclio,
1656 1257 1692 1318 et
1726 1242 1806 1318 vita
1842 1272 1850 1316 :
1886 1241 1955 1342 qui
1989 1241 2122 1318 credit
2157 1239 2200 1316 in
2236 1267 2315 1330 me,
2399 1265 2400 1340 t

584 1377 696 1430 amas
725 1353 962 1431 infirmatur.
981 1352 1162 1432 Audiens
1192 1369 1325 1428 autern
1352 1354 1416 1428 le·
1479 1347 1632 1423 etiamsi
1675 1354 1857 1425 marmus
1901 1347 2029 1436 faerit,
2075 1345 2191 1424 vivet
2235 1375 2244 1422 :
2283 1363 2317 1424 et
2399 1425 2400 1454 χ

586 1485 653 1534 sus
679 1458 775 1536 dixit
797 1459 853 1536 eis
880 1489 889 1538 :
918 1462 1136 1537 Infirmitas
1157 1461 1240 1535 haec
1258 1482 1338 1532 non
1359 1471 1415 1534 est
1479 1454 1622 1544 omniS,
1649 1456 1718 1558 qui
1737 1455 1847 1546 vivit,
1869 1471 1905 1531 et
1923 1454 2046 1532 credit
2064 1453 2112 1530 in
2134 1479 2218 1542 me,
2240 1479 2315 1529 non
2399 1475 2400 1516 t

583 1566 634 1641 ad
666 1582 848 1656 mortem,
888 1567 955 1643 sed
987 1593 1059 1668 pro
1095 1565 1217 1666 glaria
1250 1563 1337 1651 Dei,
1372 1579 1415 1638 ut
1479 1561 1669 1639 moriatur
1684 1563 1724 1639 in
1741 1569 1946 1640 aetarnum.
1969 1561 2117 1638 Credis
2137 1561 2315 1638 hoclAit
2399 1621 2400 1650 ,

584 1672 821 1770 glorificatur
841 1675 968 1751 Filius
996 1674 1068 1751 Dei
1095 1699 1164 1774 per
1189 1697 1292 1748 earn.
1316 1669 1413 1746 Dili-
1479 1669 1532 1744 illi
1572 1697 1579 1745 :
1616 1671 1778 1771 Utique,
1815 1669 2000 1758 Damine,
2036 1695 2114 1770 ego
2147 1669 2311 1756 credidi,
2399 1745 2400 1782 ,

583 1781 696 1878 gabat
720 1797 852 1857 autem
870 1785 986 1858 lesus
1006 1782 1221 1867 Martham,
1242 1794 1278 1854 et
1305 1781 1414 1852 sora·
1477 1777 1571 1878 quia
1599 1793 1640 1854 tu
1667 1803 1709 1853 es
1736 1777 1917 1856 Christus
1946 1775 2072 1854 Filius
2107 1776 2186 1854 Dei
2221 1775 2309 1866 vivi,
2399 1797 2400 1878 ζ

585 1912 667 1964 rem
684 1891 768 1989 ejus
779 1891 1015 1978 Mariam‚et
1030 1893 1239 1966 Lazarum.
1256 1889 1310 1963 Ut
1323 1910 1413 1982 ergo
1476 1885 1544 1985 qui
1566 1885 1604 1960 in
1624 1886 1729 1964 hunc
1748 1885 1946 1962 mundum
1964 1883 2126 1961 venisti.
2153 1885 2310 1960 Etcum
2399 1945 2400 1952 κ

584 1994 737 2071 audivit
768 1995 863 2096 quia
891 1995 1182 2081 infirmabatur,
1203 2010 1297 2068 tunc
1326 1990 1412 2091 qui·
1476 1994 1557 2069 haec
1575 1990 1748 2080 dixisset,
1768 1991 1879 2078 abiit,
1897 2008 1934 2068 et
1951 1989 2115 2068 vocavit
2137 1993 2308 2068 Mariam

461 2098 465 2102 ’
585 2098 678 2176 dem
710 2101 854 2178 mansit
886 2101 925 2178 in
961 2102 1101 2179 eadem
1136 2102 1223 2177 loco
1254 2099 1413 2174 duabus
1476 2103 1652 2174 sororem
1680 2122 1793 2176 suam
1821 2097 1989 2188 silenti0,
2011 2097 2157 2176 dicens
2189 2125 2198 2175 :
2232 2101 2310 2174 Ma·

587 2205 741 2284 diabus.
764 2208 915 2284 Delnde
935 2229 1020 2308 post
1035 2210 1118 2284 haec
1133 2205 1228 2283 dixit
1243 2204 1414 2304 discipu·

588 2311 635 2387 lis
669 2314 776 2390 suis:
801 2317 953 2391 Eamus
980 2314 1020 2390 in
1049 2313 1230 2392 ludaeam
1251 2317 1409 2390 lterum.

589 2420 734 2497 Dicunt
746 2419 782 2496 ei
797 2419 979 2520 discipuli
998 2451 1006 2498 :
1026 2421 1170 2510 Rabbi,
1188 2443 1293 2496 nunc
1306 2443 1413 2518 quae·

587 2527 724 2602 rabant
758 2542 795 2603 te
829 2525 959 2605 ludaei
995 2527 1184 2626 lapidare,
1203 2541 1239 2602 et
1269 2530 1410 2602 iterum

584 2632 698 2708 vadis
717 2634 831 2711 illucl
851 2634 1069 2735 Respandit
1098 2637 1214 2712 lesus
1235 2662 1243 2710 :
1266 2633 1412 2710 Nonne

586 2738 798 2817 duadecim
834 2757 925 2817 sunt
959 2742 1066 2818 horae
1099 2739 1206 2816 diat
1241 2739 1412 2840 Siquis

586 2848 851 2924 ambulaverit
866 2847 907 2923 in
925 2847 1003 2939 die,
1024 2873 1105 2924 non
1125 2846 1302 2936 offandit,
1318 2847 1413 2947 quia

587 2954 715 3030 lucem
748 2955 869 3056 hujus
896 2955 1036 3033 mundi
1066 2954 1199 3032 videt:
1220 2955 1252 3030 si
1279 2971 1411 3032 autem

586 3062 851 3138 ambulaverit
884 3061 924 3138 in
956 3079 1080 3150 nocte,
1110 3061 1286 3150 offandit,
1318 3061 1413 3162 quia

590 3169 657 3243 lux
689 3185 857 3246 nonest
888 3168 928 3244 in
960 3194 1021 3246 eo.
1047 3167 1228 3257 Haecait,
1261 3185 1298 3244 et
1326 3185 1414 3268 post

589 3273 672 3350 haec
706 3273 802 3350 dixit
837 3274 922 3352 eis:
946 3279 1123 3352 Lazarus
1157 3279 1311 3351 amicus
1343 3300 1412 3351 no·

587 3397 665 3456 ster
695 3381 861 3473 dormit;
895 3380 964 3459 sed
993 3381 1113 3472 vad0,
1142 3398 1186 3458 ut
1217 3407 1240 3457 a
1271 3406 1413 3458 somno

586 3487 748 3565 excitem
767 3514 875 3566 eum.
906 3489 1100 3566 Dixarunt
1119 3513 1210 3587 ergo
1228 3487 1413 3588 discipuli

588 3597 672 3696 ejus
693 3624 701 3672 :
724 3595 910 3687 deine,
930 3596 963 3673 si
981 3595 1144 3685 dormit,
1165 3597 1299 3673 salvus
1325 3596 1411 3673 erit.

589 3704 748 3779 Dixerat
773 3720 904 3779 autern
930 3706 1046 3781 Jesus
1073 3703 1121 3779 de
1148 3720 1272 3778 morte
1296 3707 1410 3804 ejus:

589 3809 645 3884 illi
663 3825 796 3886 autem
814 3816 1066 3910 putaverunt,
1087 3809 1181 3910 quia
1200 3810 1249 3885 de
1267 3808 1415 3885 dormi-

589 3914 695 3993 tidne
714 3916 844 3992 somni
871 3916 1029 3993 diceret.
1059 3919 1175 3993 Tunc
1194 3941 1283 4015 ergo
1299 3920 1415 4022 lesus

590 4022 686 4099 dixit
704 4020 760 4098 eis
779 4022 1009 4099 manilaste:
1034 4026 1208 4099 Lazarus
1235 4027 1415 4099 martuus

588 4146 660 4220 est,
681 4144 718 4205 et
743 4129 896 4229 gaudeo
921 4146 1081 4229 propter
1106 4156 1191 4218 vos,
1212 4146 1254 4205 ut
1280 4130 1415 4207 creda·

588 4236 651 4323 tis,
670 4236 860 4336 quoniam
878 4261 958 4313 non
973 4262 1080 4313 eram
1101 4236 1170 4313 ibi.
1186 4236 1262 4313 Sed
1278 4244 1415 4313 eamus

589 4344 639 4419 ad
658 4367 765 4419 eum.
786 4343 895 4419 Dixit
913 4367 1004 4441 ergo
1022 4344 1214 4431 Thomas,
1235 4342 1303 4443 qui
1319 4343 1415 4419 dici·

588 4464 653 4527 tur
680 4451 891 4552 Didymus,
918 4452 968 4527 ad
995 4450 1317 4550 condiscipulos:
1344 4452 1416 4527 Ea-

591 4582 682 4635 mus
712 4575 749 4635 et
781 4584 866 4647 nos,
890 4575 931 4634 ut
966 4559 1189 4634 moriamur
1222 4582 1314 4635 cum
1351 4583 1412 4634 eo.

588 4665 705 4743 Venit
741 4670 872 4765 ltaque
905 4668 1037 4755 Jesus,
1066 4681 1103 4741 et
1139 4664 1288 4741 invanit
1321 4689 1413 4740 eurn

589 4778 760 4875 quatuor
777 4772 862 4848 dies
888 4774 967 4873 jam
996 4772 1036 4847 in
1065 4777 1325 4848 monumento
1346 4772 1414 4846 ha-

591 4881 761 4957 bantem.
785 4882 894 4978 (Erat
919 4897 1055 4956 autem
1089 4879 1280 4956 Bethania
1308 4880 1415 4979 juxta

588 4988 877 5088 lerosalymam
913 4986 1027 5087 quasi
1071 4986 1207 5063 stadiis
1248 4984 1415 5085 quinde-

590 5092 698 5189 cim.)
715 5092 832 5170 Multi
847 5108 977 5170 autern
998 5118 1045 5169 ex
1060 5097 1080 5171 J
1087 5092 1209 5170 udaeis
1227 5099 1415 5169 venerant

1478 2211 1593 2304 gister
1614 2205 1737 2295 adest,
1759 2221 1795 2282 et
1818 2223 1933 2284 vocat
1952 2223 2001 2284 te.
2027 2207 2102 2282 llla
2130 2221 2176 2282 ut
2200 2205 2307 2282 audl·
2399 2207 2400 2212 ‘

1475 2312 1544 2398 vit,
1566 2313 1687 2412 surgit
1704 2312 1794 2401 cito,
1815 2329 1851 2390 et
1869 2313 1974 2390 venit
1993 2311 2043 2390 ad
2064 2335 2165 2390 eum
2189 2339 2196 2386 :
2219 2335 2308 2386 non·

1476 2418 1572 2512 durn
1588 2419 1693 2496 enim
1708 2425 1867 2498 vanerat
1878 2424 1899 2498 J
1904 2446 1994 2496 esus
2010 2419 2052 2496 in
2071 2420 2301 2506 castallum;

1476 2526 1543 2603 sed
1563 2544 1643 2602 erat
1663 2526 1794 2603 adhuc
1813 2525 1853 2602 in
1873 2527 1940 2603 illo
1957 2529 2059 2617 loco,
2077 2523 2152 2602 ubi
2172 2533 2303 2602 occat·
2399 2571 2400 2622 3

1476 2651 1576 2710 rerat
1594 2634 1629 2710 ei
1649 2635 1819 2711 Martha.
1840 2637 1860 2710 J
1866 2633 1967 2712 udaei
1985 2659 2092 2734 ergo,
2109 2631 2301 2734 quierant

1476 2765 1567 2818 curn
1603 2765 1649 2818 ea
1685 2739 1725 2816 in
1755 2739 1892 2830 domo,
1926 2758 1963 2816 et
1995 2741 2305 2834 consolabantur

1476 2871 1580 2936 eam,
1597 2872 1688 2924 cum
1704 2847 1894 2924 vidissent
1910 2851 2098 2936 Mariam,
2118 2847 2216 2948 quia
2234 2844 2303 2921 cito

1478 2953 1657 3044 surraxit,
1693 2969 1728 3030 et
1764 2955 1869 3044 axiit,
1908 2953 2030 3032 secati
2071 2971 2169 3032 sunt
2205 2976 2299 3038 earn,

1477 3060 1649 3138 dicantes
1675 3091 1684 3136 :
1715 3061 1821 3158 Quia
1846 3061 1955 3138 vadit
1987 3061 2036 3138 ad
2068 3063 2302 3138 monumen·
2399 3079 2400 3104 ¹

1477 3185 1576 3257 tum,
1598 3185 1640 3244 ut
1671 3170 1797 3268 ploret
1827 3168 1895 3246 ibi.
1929 3171 2057 3246 Maria
2089 3193 2186 3266 ergo
2215 3189 2299 3244 cum

1477 3279 1647 3352 venisset
1677 3273 1747 3350 ubi
1772 3291 1855 3352 erat
1871 3279 2001 3364 lesus,
2021 3275 2169 3351 videns
2199 3295 2297 3360 eum,
2399 3339 2400 3350 ,

1476 3381 1615 3459 caran
1633 3381 1682 3458 aa
1702 3379 1821 3480 peaes
1842 3385 1940 3481 aas,
1962 3400 1998 3460 a
2015 3381 2110 3460 arca
2132 3380 2169 3458 et
2195 3410 2203 3456 :
2227 3381 2298 3456 m-

1478 3487 1598 3576 mine,
1617 3487 1648 3562 si
1664 3489 1803 3564 lulsses
1818 3490 1895 3578 hic,
1910 3514 1989 3566 non
2008 3505 2107 3566 esset
2126 3491 2299 3566 martuus

1478 3597 1595 3673 irater
1612 3622 1739 3673 meus.
1760 3600 1780 3674 J
1786 3622 1876 3673 esus
1896 3623 2000 3697 ergo,
2022 3615 2064 3675 ut
2090 3595 2194 3675 vidit
2218 3616 2296 3670 earn
2399 3614 2400 3655 r

1477 3706 1711 3805 plorantem,
1745 3720 1782 3780 et
1810 3703 1986 3795 Judaeos,
2014 3704 2084 3807 qui
2118 3710 2296 3783 venerant

1477 3836 1568 3888 curn
1594 3836 1653 3901 ea,
1672 3814 1883 3911 plorantes,
1917 3810 2120 3889 inframuit
2149 3806 2292 3911 spiritu,
2399 3822 2400 3843 *

1477 3935 1514 3994 et
1528 3918 1701 3994 turbavit
1719 3924 1908 4018 seipsum,
1930 3936 1967 3995 et
1985 3919 2081 3996 dixit
2103 3949 2111 3996 :
2139 3914 2216 3997 Ubi
2233 3938 2293 4015 po·

1479 4023 1611 4100 suistis
1632 4032 1747 4101 euml
1770 4025 1916 4102 Dicunt
1940 4026 1975 4101 ei
1997 4056 2005 4104 :
2030 4026 2216 4113 Domine,
2242 4044 2294 4097 ve·

1479 4130 1533 4221 ni,
1564 4148 1600 4207 et
1630 4130 1733 4209 vide.
1759 4134 1807 4209 Et
1835 4134 2072 4233 lacrymatus
2098 4150 2158 4209 est
2174 4134 2290 4210 Jesus.

1481 4238 1671 4315 Dixarunt
1689 4264 1778 4337 ergo
1795 4243 1814 4317 J
1823 4240 1922 4315 udaei
1946 4269 1954 4316 :
1979 4242 2080 4317 Ecce
2099 4234 2291 4341 quamodo

1479 4348 1638 4422 amabat
1656 4372 1762 4422 eum:
1786 4348 1961 4443 Quidam
1982 4366 2115 4425 autem
2145 4372 2189 4423 ex
2209 4340 2290 4443 ipsis

1480 4454 1661 4529 dixarunt
1684 4482 1691 4529 :
1715 4454 1808 4531 Non
1834 4459 1986 4553 parerat
2011 4454 2088 4545 hic,
2118 4452 2188 4557 qui
2215 4455 2292 4549 apa·

1480 4561 1556 4637 ruit
1571 4564 1707 4639 aculus
1721 4562 1810 4639 caeci
1831 4562 1924 4651 nati,
1943 4564 2068 4639 facere
2086 4581 2126 4640 ut
2143 4562 2288 4639 hicnon

1481 4672 1743 4745 morereturtl
1750 4695 1839 4744 esus
1855 4695 1945 4769 ergo
1964 4695 2122 4747 rursum
2136 4672 2289 4747 fremens

1480 4776 1519 4852 in
1540 4782 1763 4877 semetipso,
1785 4777 1891 4853 venit
1910 4778 1959 4856 ad
1981 4786 2286 4857 monumantum.

1482 4886 1575 4961 Erat
1602 4902 1733 4961 autern
1760 4886 1946 4984 spelanca
1968 4914 1976 4961 :
1997 4903 2034 4963 et
2053 4886 2154 4987 lapis
2173 4902 2286 4981 super·
2399 4918 2400 4965 l

1478 4992 1630 5091 pasitus
1665 5008 1746 5067 erat
1780 4994 1829 5068 ei.
1866 4992 1928 5091 Ait
1960 4996 2075 5071 Jesus
2114 5023 2123 5071 ε
2161 4986 2287 5069 Tallite

1480 5098 1666 5199 lapidem.
1691 5098 1794 5175 Dicit
1823 5099 1857 5175 ei
1888 5100 2059 5189 Martha,
2081 5124 2193 5177 soror
2216 5098 2286 5195 ejus

591 5199 642 5275 ad
662 5200 877 5287 Martham,
897 5216 933 5275 et
954 5202 1141 5288 Mariam,
1171 5216 1214 5275 ut
1240 5202 1416 5275 consola·
1478 5206 1547 5306 qui
1582 5211 1764 5282 mantuus
1798 5208 1923 5283 fuerat
1954 5236 1961 5283 :
1994 5208 2180 5297 Domine,
2220 5208 2284 5303 jam

593 5311 728 5381 rantur
745 5330 811 5383 eas
829 5305 878 5381 de
895 5306 1013 5382 fratre
1032 5332 1118 5381 suo.
1136 5308 1294 5383 Martha
1308 5330 1412 5405 erg0,
1479 5314 1598 5403 foetet,
1624 5312 1915 5413 quatriduanus
1952 5330 2007 5391 est
2042 5314 2163 5395 enim,
2198 5304 2284 5389 Dicit

592 5430 635 5490 ut
662 5412 813 5491 audivit
843 5412 938 5513 quia
968 5417 1083 5491 Jesus
1106 5417 1225 5501 venit,
1246 5414 1415 5491 occarrit

593 5520 648 5598 illi
666 5523 819 5599 :Maria
837 5536 969 5597 autern
989 5520 1099 5598 domi
1118 5522 1289 5597 sedabat.
1310 5519 1416 5597 Dixit

593 5654 683 5728 ergo
710 5628 868 5707 Martha
893 5628 944 5705 ad
974 5630 1110 5705 lesum
1136 5657 1143 5702 :
1167 5628 1352 5715 Damine,
1384 5626 1414 5703 si

1479 5419 1513 5496 ei
1531 5423 1647 5497 lesus
1668 5448 1675 5493 :
1699 5422 1844 5497 Nonne
1871 5420 1950 5497 dixi
1972 5420 2041 5499 tibi
2059 5420 2241 5523 quaniam
2259 5408 2284 5487 si

1479 5528 1704 5617 credideris,
1722 5526 1877 5605 videbis
1895 5530 2060 5628 glariam
2082 5528 2175 5607 Deil
2189 5524 2284 5605 Tula·

1480 5650 1569 5709 runt
1588 5659 1678 5735 ergo
1697 5634 1868 5737 lapidem
1889 5665 1896 5711 :
1923 5640 2039 5714 Jusus
2057 5655 2203 5721 autem,
2226 5630 2287 5705 ele·

593 5738 735 5813 luisses
768 5736 846 5825 hic,
876 5738 994 5814 frater
1024 5762 1136 5814 meus
1169 5760 1247 5812 non
1279 5736 1415 5812 luisset
1479 5732 1579 5809 vatis
1616 5758 1774 5810 sursum
1813 5734 1953 5823 ocutis,
1992 5735 2088 5811 dixit
2129 5763 2137 5811 :
2178 5736 2284 5813 Pater.

594 5850 775 5949 martuus
795 5872 804 5920 :
825 5842 943 5921 sedet
961 5870 1066 5922 nunc
1083 5842 1177 5933 scio,
1198 5840 1292 5943 quia
1310 5866 1416 5942 quae·

594 5956 766 6050 eamque
792 5950 1057 6050 pop6scerisa
1079 5954 1177 6039 Deo,
1210 5947 1320 6025 dabit
1347 5948 1416 6025 tibi

578 6060 718 6179 Deus.
742 6057 844 6135 Dicit
862 6056 915 6133 illi
932 6063 1072 6139 Jesus:
1095 6057 1419 6158 Resargerfrater

1480 5838 1621 5938 gratias
1648 5866 1719 5941 ago
1751 5841 1820 5917 tihi
1849 5842 2040 5942 quaniam
2059 5840 2201 5921 audisti
2220 5858 2283 5913 me.

1483 5948 1565 6047 Ego
1584 5964 1715 6024 autern
1743 5946 1915 6025 sciabam
1941 5948 2036 6049 quia
2057 5972 2208 6051 semper
2230 5962 2279 6018 rne

1480 6052 1608 6143 audis,
1625 6054 1691 6131 sed
1721 6070 1880 6155 propter
1904 6058 2112 6157 papulum,
2133 6054 2199 6157 qui
2222 6048 2280 6127 cir·
